%YAML 1.1
%TAG !u! tag:unity3d.com,2011:
--- !u!65 &1642009570727793384
BoxCollider:
  m_ObjectHideFlags: 0
  m_CorrespondingSourceObject: {fileID: 0}
  m_PrefabInstance: {fileID: 0}
  m_PrefabAsset: {fileID: 0}
  m_GameObject: {fileID: 643163577487557611}
  m_Material: {fileID: 0}
  m_IsTrigger: 0
  m_Enabled: 1
  serializedVersion: 2
  m_Size: {x: 22.97103, y: 40, z: 25}
  m_Center: {x: 0, y: 0, z: 12.5}
--- !u!114 &1642009570727793378
MonoBehaviour:
  m_ObjectHideFlags: 0
  m_CorrespondingSourceObject: {fileID: 0}
  m_PrefabInstance: {fileID: 0}
  m_PrefabAsset: {fileID: 0}
  m_GameObject: {fileID: 643163577487557611}
  m_Enabled: 1
  m_EditorHideFlags: 0
  m_Script: {fileID: 11500000, guid: 88502a12e1a1bad4fa70d429663ea68d, type: 3}
  m_Name: 
  m_EditorClassIdentifier: 
  m_MyEvent:
    m_PersistentCalls:
      m_Calls:
      - m_Target: {fileID: 1642009570776981871}
        m_MethodName: Interact
        m_Mode: 1
        m_Arguments:
          m_ObjectArgument: {fileID: 0}
          m_ObjectArgumentAssemblyTypeName: UnityEngine.Object, UnityEngine
          m_IntArgument: 0
          m_FloatArgument: 0
          m_StringArgument: 
          m_BoolArgument: 0
        m_CallState: 2
  Down: 0
--- !u!1 &1642009570776981870
GameObject:
  m_ObjectHideFlags: 0
  m_CorrespondingSourceObject: {fileID: 0}
  m_PrefabInstance: {fileID: 0}
  m_PrefabAsset: {fileID: 0}
  serializedVersion: 6
  m_Component:
  - component: {fileID: 1642009570776981875}
  - component: {fileID: 1642009570776981872}
  - component: {fileID: 1642009570776981871}
  - component: {fileID: 5043674111169188243}
  m_Layer: 9
  m_Name: Trap
  m_TagString: Trap
  m_Icon: {fileID: 0}
  m_NavMeshLayer: 0
  m_StaticEditorFlags: 8
  m_IsActive: 1
--- !u!4 &1642009570776981875
Transform:
  m_ObjectHideFlags: 0
  m_CorrespondingSourceObject: {fileID: 0}
  m_PrefabInstance: {fileID: 0}
  m_PrefabAsset: {fileID: 0}
  m_GameObject: {fileID: 1642009570776981870}
  m_LocalRotation: {x: 0, y: 0, z: 0, w: 1}
  m_LocalPosition: {x: 0, y: 0, z: 0}
  m_LocalScale: {x: 0.2, y: 0.2, z: 0.2}
  m_Children:
  - {fileID: 1598789811702215201}
  - {fileID: 643163577487306201}
  - {fileID: 2852732546350785094}
  m_Father: {fileID: 0}
  m_RootOrder: 0
  m_LocalEulerAnglesHint: {x: 0, y: 0, z: 0}
--- !u!65 &1642009570776981872
BoxCollider:
  m_ObjectHideFlags: 0
  m_CorrespondingSourceObject: {fileID: 0}
  m_PrefabInstance: {fileID: 0}
  m_PrefabAsset: {fileID: 0}
  m_GameObject: {fileID: 1642009570776981870}
  m_Material: {fileID: 0}
  m_IsTrigger: 1
  m_Enabled: 1
  serializedVersion: 2
  m_Size: {x: 10, y: 2, z: 10}
  m_Center: {x: 0, y: 1, z: 0}
--- !u!114 &1642009570776981871
MonoBehaviour:
  m_ObjectHideFlags: 0
  m_CorrespondingSourceObject: {fileID: 0}
  m_PrefabInstance: {fileID: 0}
  m_PrefabAsset: {fileID: 0}
  m_GameObject: {fileID: 1642009570776981870}
  m_Enabled: 1
  m_EditorHideFlags: 0
  m_Script: {fileID: 11500000, guid: d6201cc146bde2d44b9e825872c52b2f, type: 3}
  m_Name: 
  m_EditorClassIdentifier: 
  damage: 2
  cooldown: 0.3
  Spikes: {fileID: 1598789811702215201}
  AudioClipSpring: {fileID: 8300000, guid: dcada69482a77bc4883276b19ae2a061, type: 3}
  AudioClipLoad: {fileID: 8300000, guid: 3bae8615aff41b14aa7bd78c5523bb3b, type: 3}
--- !u!82 &5043674111169188243
AudioSource:
  m_ObjectHideFlags: 0
  m_CorrespondingSourceObject: {fileID: 0}
  m_PrefabInstance: {fileID: 0}
  m_PrefabAsset: {fileID: 0}
  m_GameObject: {fileID: 1642009570776981870}
  m_Enabled: 1
  serializedVersion: 4
  OutputAudioMixerGroup: {fileID: 0}
  m_audioClip: {fileID: 8300000, guid: dcada69482a77bc4883276b19ae2a061, type: 3}
  m_PlayOnAwake: 0
  m_Volume: 0.1
  m_Pitch: 1
  Loop: 0
  Mute: 0
  Spatialize: 0
  SpatializePostEffects: 0
  Priority: 128
  DopplerLevel: 1
  MinDistance: 1
  MaxDistance: 250
  Pan2D: 0
  rolloffMode: 0
  BypassEffects: 0
  BypassListenerEffects: 0
  BypassReverbZones: 0
  rolloffCustomCurve:
    serializedVersion: 2
    m_Curve:
    - serializedVersion: 3
      time: 0
      value: 1
      inSlope: 0
      outSlope: 0
      tangentMode: 0
      weightedMode: 0
      inWeight: 0.33333334
      outWeight: 0.33333334
    - serializedVersion: 3
      time: 1
      value: 0
      inSlope: 0
      outSlope: 0
      tangentMode: 0
      weightedMode: 0
      inWeight: 0.33333334
      outWeight: 0.33333334
    m_PreInfinity: 2
    m_PostInfinity: 2
    m_RotationOrder: 4
  panLevelCustomCurve:
    serializedVersion: 2
    m_Curve:
    - serializedVersion: 3
      time: 0
      value: 1
      inSlope: 0
      outSlope: 0
      tangentMode: 0
      weightedMode: 0
      inWeight: 0.33333334
      outWeight: 0.33333334
    m_PreInfinity: 2
    m_PostInfinity: 2
    m_RotationOrder: 4
  spreadCustomCurve:
    serializedVersion: 2
    m_Curve:
    - serializedVersion: 3
      time: 0
      value: 0
      inSlope: 0
      outSlope: 0
      tangentMode: 0
      weightedMode: 0
      inWeight: 0.33333334
      outWeight: 0.33333334
    m_PreInfinity: 2
    m_PostInfinity: 2
    m_RotationOrder: 4
  reverbZoneMixCustomCurve:
    serializedVersion: 2
    m_Curve:
    - serializedVersion: 3
      time: 0
      value: 1
      inSlope: 0
      outSlope: 0
      tangentMode: 0
      weightedMode: 0
      inWeight: 0.33333334
      outWeight: 0.33333334
    m_PreInfinity: 2
    m_PostInfinity: 2
    m_RotationOrder: 4
--- !u!1 &4883026670860748231
GameObject:
  m_ObjectHideFlags: 0
  m_CorrespondingSourceObject: {fileID: 0}
  m_PrefabInstance: {fileID: 0}
  m_PrefabAsset: {fileID: 0}
  serializedVersion: 6
  m_Component:
  - component: {fileID: 1598789811702215201}
  m_Layer: 9
  m_Name: Spikes
  m_TagString: Untagged
  m_Icon: {fileID: 0}
  m_NavMeshLayer: 0
  m_StaticEditorFlags: 0
  m_IsActive: 1
--- !u!4 &1598789811702215201
Transform:
  m_ObjectHideFlags: 0
  m_CorrespondingSourceObject: {fileID: 0}
  m_PrefabInstance: {fileID: 0}
  m_PrefabAsset: {fileID: 0}
  m_GameObject: {fileID: 4883026670860748231}
  m_LocalRotation: {x: -0, y: -0, z: -0, w: 1}
  m_LocalPosition: {x: -6.9051933, y: -5.7, z: 1.0317466}
  m_LocalScale: {x: 5, y: 5, z: 5}
  m_Children:
  - {fileID: 1133994951534904431}
  - {fileID: 2899583148687377517}
  - {fileID: 7203474201540703030}
  - {fileID: 8927434522293863963}
  - {fileID: 8696752190914670105}
  - {fileID: 1215444751173856271}
  - {fileID: 3591948352165150033}
  - {fileID: 2812669491254062252}
  - {fileID: 8119880382420014400}
  m_Father: {fileID: 1642009570776981875}
  m_RootOrder: 0
  m_LocalEulerAnglesHint: {x: 0, y: 0, z: 0}
--- !u!1001 &643163577487622385
PrefabInstance:
  m_ObjectHideFlags: 0
  serializedVersion: 2
  m_Modification:
    m_TransformParent: {fileID: 1642009570776981875}
    m_Modifications:
    - target: {fileID: 197402, guid: 0e0dbf19e2ea8463c89881f6791ce8bd, type: 3}
      propertyPath: m_Name
      value: Dungeon_Lever2
      objectReference: {fileID: 0}
    - target: {fileID: 197402, guid: 0e0dbf19e2ea8463c89881f6791ce8bd, type: 3}
      propertyPath: m_TagString
      value: Lever
      objectReference: {fileID: 0}
    - target: {fileID: 470312, guid: 0e0dbf19e2ea8463c89881f6791ce8bd, type: 3}
      propertyPath: m_LocalPosition.x
      value: -27.65
      objectReference: {fileID: 0}
    - target: {fileID: 470312, guid: 0e0dbf19e2ea8463c89881f6791ce8bd, type: 3}
      propertyPath: m_LocalPosition.y
      value: 6.83
      objectReference: {fileID: 0}
    - target: {fileID: 470312, guid: 0e0dbf19e2ea8463c89881f6791ce8bd, type: 3}
      propertyPath: m_LocalPosition.z
      value: -49.47
      objectReference: {fileID: 0}
    - target: {fileID: 470312, guid: 0e0dbf19e2ea8463c89881f6791ce8bd, type: 3}
      propertyPath: m_LocalRotation.x
      value: -0
      objectReference: {fileID: 0}
    - target: {fileID: 470312, guid: 0e0dbf19e2ea8463c89881f6791ce8bd, type: 3}
      propertyPath: m_LocalRotation.y
      value: 0.70710576
      objectReference: {fileID: 0}
    - target: {fileID: 470312, guid: 0e0dbf19e2ea8463c89881f6791ce8bd, type: 3}
      propertyPath: m_LocalRotation.z
      value: -0
      objectReference: {fileID: 0}
    - target: {fileID: 470312, guid: 0e0dbf19e2ea8463c89881f6791ce8bd, type: 3}
      propertyPath: m_LocalRotation.w
      value: 0.7071079
      objectReference: {fileID: 0}
    - target: {fileID: 470312, guid: 0e0dbf19e2ea8463c89881f6791ce8bd, type: 3}
      propertyPath: m_RootOrder
      value: 1
      objectReference: {fileID: 0}
    - target: {fileID: 470312, guid: 0e0dbf19e2ea8463c89881f6791ce8bd, type: 3}
      propertyPath: m_LocalEulerAnglesHint.x
      value: 0
      objectReference: {fileID: 0}
    - target: {fileID: 470312, guid: 0e0dbf19e2ea8463c89881f6791ce8bd, type: 3}
      propertyPath: m_LocalEulerAnglesHint.y
      value: 90.00001
      objectReference: {fileID: 0}
    - target: {fileID: 470312, guid: 0e0dbf19e2ea8463c89881f6791ce8bd, type: 3}
      propertyPath: m_LocalEulerAnglesHint.z
      value: 0
      objectReference: {fileID: 0}
    - target: {fileID: 470312, guid: 0e0dbf19e2ea8463c89881f6791ce8bd, type: 3}
      propertyPath: m_LocalScale.x
      value: 0.1
      objectReference: {fileID: 0}
    - target: {fileID: 470312, guid: 0e0dbf19e2ea8463c89881f6791ce8bd, type: 3}
      propertyPath: m_LocalScale.y
      value: 0.1
      objectReference: {fileID: 0}
    - target: {fileID: 470312, guid: 0e0dbf19e2ea8463c89881f6791ce8bd, type: 3}
      propertyPath: m_LocalScale.z
      value: 0.1
      objectReference: {fileID: 0}
    - target: {fileID: 9501558, guid: 0e0dbf19e2ea8463c89881f6791ce8bd, type: 3}
      propertyPath: m_Controller
      value: 
      objectReference: {fileID: 9100000, guid: 69a1d5234abbea94ab647fe3c691a944, type: 2}
    m_RemovedComponents: []
  m_SourcePrefab: {fileID: 100100000, guid: 0e0dbf19e2ea8463c89881f6791ce8bd, type: 3}
--- !u!1 &643163577487557611 stripped
GameObject:
  m_CorrespondingSourceObject: {fileID: 197402, guid: 0e0dbf19e2ea8463c89881f6791ce8bd,
    type: 3}
  m_PrefabInstance: {fileID: 643163577487622385}
  m_PrefabAsset: {fileID: 0}
--- !u!4 &643163577487306201 stripped
Transform:
  m_CorrespondingSourceObject: {fileID: 470312, guid: 0e0dbf19e2ea8463c89881f6791ce8bd,
    type: 3}
  m_PrefabInstance: {fileID: 643163577487622385}
  m_PrefabAsset: {fileID: 0}
--- !u!1001 &1133994951534983891
PrefabInstance:
  m_ObjectHideFlags: 0
  serializedVersion: 2
  m_Modification:
    m_TransformParent: {fileID: 1598789811702215201}
    m_Modifications:
    - target: {fileID: 168854, guid: 16d7bc3253ba74c7d8a4f4cfbec11cbd, type: 3}
      propertyPath: m_Name
      value: Dungeon_MetalSpike2
      objectReference: {fileID: 0}
    - target: {fileID: 168854, guid: 16d7bc3253ba74c7d8a4f4cfbec11cbd, type: 3}
      propertyPath: m_Layer
      value: 9
      objectReference: {fileID: 0}
    - target: {fileID: 178370, guid: 16d7bc3253ba74c7d8a4f4cfbec11cbd, type: 3}
      propertyPath: m_Layer
      value: 9
      objectReference: {fileID: 0}
    - target: {fileID: 474812, guid: 16d7bc3253ba74c7d8a4f4cfbec11cbd, type: 3}
      propertyPath: m_LocalPosition.x
      value: 2.1310387
      objectReference: {fileID: 0}
    - target: {fileID: 474812, guid: 16d7bc3253ba74c7d8a4f4cfbec11cbd, type: 3}
      propertyPath: m_LocalPosition.y
      value: -0.45
      objectReference: {fileID: 0}
    - target: {fileID: 474812, guid: 16d7bc3253ba74c7d8a4f4cfbec11cbd, type: 3}
      propertyPath: m_LocalPosition.z
      value: -0.20634933
      objectReference: {fileID: 0}
    - target: {fileID: 474812, guid: 16d7bc3253ba74c7d8a4f4cfbec11cbd, type: 3}
      propertyPath: m_LocalRotation.x
      value: 0.7071068
      objectReference: {fileID: 0}
    - target: {fileID: 474812, guid: 16d7bc3253ba74c7d8a4f4cfbec11cbd, type: 3}
      propertyPath: m_LocalRotation.y
      value: 0
      objectReference: {fileID: 0}
    - target: {fileID: 474812, guid: 16d7bc3253ba74c7d8a4f4cfbec11cbd, type: 3}
      propertyPath: m_LocalRotation.z
      value: 0
      objectReference: {fileID: 0}
    - target: {fileID: 474812, guid: 16d7bc3253ba74c7d8a4f4cfbec11cbd, type: 3}
      propertyPath: m_LocalRotation.w
      value: 0.7071068
      objectReference: {fileID: 0}
    - target: {fileID: 474812, guid: 16d7bc3253ba74c7d8a4f4cfbec11cbd, type: 3}
      propertyPath: m_RootOrder
      value: 0
      objectReference: {fileID: 0}
    - target: {fileID: 474812, guid: 16d7bc3253ba74c7d8a4f4cfbec11cbd, type: 3}
      propertyPath: m_LocalEulerAnglesHint.x
      value: 90
      objectReference: {fileID: 0}
    - target: {fileID: 474812, guid: 16d7bc3253ba74c7d8a4f4cfbec11cbd, type: 3}
      propertyPath: m_LocalEulerAnglesHint.y
      value: 0
      objectReference: {fileID: 0}
    - target: {fileID: 474812, guid: 16d7bc3253ba74c7d8a4f4cfbec11cbd, type: 3}
      propertyPath: m_LocalEulerAnglesHint.z
      value: 0
      objectReference: {fileID: 0}
    - target: {fileID: 474812, guid: 16d7bc3253ba74c7d8a4f4cfbec11cbd, type: 3}
      propertyPath: m_LocalScale.x
      value: 1
      objectReference: {fileID: 0}
    - target: {fileID: 474812, guid: 16d7bc3253ba74c7d8a4f4cfbec11cbd, type: 3}
      propertyPath: m_LocalScale.z
      value: 1
      objectReference: {fileID: 0}
    m_RemovedComponents: []
  m_SourcePrefab: {fileID: 100100000, guid: 16d7bc3253ba74c7d8a4f4cfbec11cbd, type: 3}
--- !u!4 &1133994951534904431 stripped
Transform:
  m_CorrespondingSourceObject: {fileID: 474812, guid: 16d7bc3253ba74c7d8a4f4cfbec11cbd,
    type: 3}
  m_PrefabInstance: {fileID: 1133994951534983891}
  m_PrefabAsset: {fileID: 0}
--- !u!1001 &1215444751173784243
PrefabInstance:
  m_ObjectHideFlags: 0
  serializedVersion: 2
  m_Modification:
    m_TransformParent: {fileID: 1598789811702215201}
    m_Modifications:
    - target: {fileID: 168854, guid: 16d7bc3253ba74c7d8a4f4cfbec11cbd, type: 3}
      propertyPath: m_Name
      value: Dungeon_MetalSpike2 (5)
      objectReference: {fileID: 0}
    - target: {fileID: 168854, guid: 16d7bc3253ba74c7d8a4f4cfbec11cbd, type: 3}
      propertyPath: m_Layer
      value: 9
      objectReference: {fileID: 0}
    - target: {fileID: 178370, guid: 16d7bc3253ba74c7d8a4f4cfbec11cbd, type: 3}
      propertyPath: m_Layer
      value: 9
      objectReference: {fileID: 0}
    - target: {fileID: 474812, guid: 16d7bc3253ba74c7d8a4f4cfbec11cbd, type: 3}
      propertyPath: m_LocalPosition.x
      value: 1.381
      objectReference: {fileID: 0}
    - target: {fileID: 474812, guid: 16d7bc3253ba74c7d8a4f4cfbec11cbd, type: 3}
      propertyPath: m_LocalPosition.y
      value: -0.45
      objectReference: {fileID: 0}
    - target: {fileID: 474812, guid: 16d7bc3253ba74c7d8a4f4cfbec11cbd, type: 3}
      propertyPath: m_LocalPosition.z
      value: 0.544
      objectReference: {fileID: 0}
    - target: {fileID: 474812, guid: 16d7bc3253ba74c7d8a4f4cfbec11cbd, type: 3}
      propertyPath: m_LocalRotation.x
      value: 0.7071068
      objectReference: {fileID: 0}
    - target: {fileID: 474812, guid: 16d7bc3253ba74c7d8a4f4cfbec11cbd, type: 3}
      propertyPath: m_LocalRotation.y
      value: 0
      objectReference: {fileID: 0}
    - target: {fileID: 474812, guid: 16d7bc3253ba74c7d8a4f4cfbec11cbd, type: 3}
      propertyPath: m_LocalRotation.z
      value: 0
      objectReference: {fileID: 0}
    - target: {fileID: 474812, guid: 16d7bc3253ba74c7d8a4f4cfbec11cbd, type: 3}
      propertyPath: m_LocalRotation.w
      value: 0.7071068
      objectReference: {fileID: 0}
    - target: {fileID: 474812, guid: 16d7bc3253ba74c7d8a4f4cfbec11cbd, type: 3}
      propertyPath: m_RootOrder
      value: 5
      objectReference: {fileID: 0}
    - target: {fileID: 474812, guid: 16d7bc3253ba74c7d8a4f4cfbec11cbd, type: 3}
      propertyPath: m_LocalEulerAnglesHint.x
      value: 90
      objectReference: {fileID: 0}
    - target: {fileID: 474812, guid: 16d7bc3253ba74c7d8a4f4cfbec11cbd, type: 3}
      propertyPath: m_LocalEulerAnglesHint.y
      value: 0
      objectReference: {fileID: 0}
    - target: {fileID: 474812, guid: 16d7bc3253ba74c7d8a4f4cfbec11cbd, type: 3}
      propertyPath: m_LocalEulerAnglesHint.z
      value: 0
      objectReference: {fileID: 0}
    - target: {fileID: 474812, guid: 16d7bc3253ba74c7d8a4f4cfbec11cbd, type: 3}
      propertyPath: m_LocalScale.x
      value: 1
      objectReference: {fileID: 0}
    - target: {fileID: 474812, guid: 16d7bc3253ba74c7d8a4f4cfbec11cbd, type: 3}
      propertyPath: m_LocalScale.z
      value: 1
      objectReference: {fileID: 0}
    m_RemovedComponents: []
  m_SourcePrefab: {fileID: 100100000, guid: 16d7bc3253ba74c7d8a4f4cfbec11cbd, type: 3}
--- !u!4 &1215444751173856271 stripped
Transform:
  m_CorrespondingSourceObject: {fileID: 474812, guid: 16d7bc3253ba74c7d8a4f4cfbec11cbd,
    type: 3}
  m_PrefabInstance: {fileID: 1215444751173784243}
  m_PrefabAsset: {fileID: 0}
--- !u!1001 &2812669491253727760
PrefabInstance:
  m_ObjectHideFlags: 0
  serializedVersion: 2
  m_Modification:
    m_TransformParent: {fileID: 1598789811702215201}
    m_Modifications:
    - target: {fileID: 168854, guid: 16d7bc3253ba74c7d8a4f4cfbec11cbd, type: 3}
      propertyPath: m_Name
      value: Dungeon_MetalSpike2 (7)
      objectReference: {fileID: 0}
    - target: {fileID: 168854, guid: 16d7bc3253ba74c7d8a4f4cfbec11cbd, type: 3}
      propertyPath: m_Layer
      value: 9
      objectReference: {fileID: 0}
    - target: {fileID: 178370, guid: 16d7bc3253ba74c7d8a4f4cfbec11cbd, type: 3}
      propertyPath: m_Layer
      value: 9
      objectReference: {fileID: 0}
    - target: {fileID: 474812, guid: 16d7bc3253ba74c7d8a4f4cfbec11cbd, type: 3}
      propertyPath: m_LocalPosition.x
      value: 0.631
      objectReference: {fileID: 0}
    - target: {fileID: 474812, guid: 16d7bc3253ba74c7d8a4f4cfbec11cbd, type: 3}
      propertyPath: m_LocalPosition.y
      value: -0.45
      objectReference: {fileID: 0}
    - target: {fileID: 474812, guid: 16d7bc3253ba74c7d8a4f4cfbec11cbd, type: 3}
      propertyPath: m_LocalPosition.z
      value: -0.956
      objectReference: {fileID: 0}
    - target: {fileID: 474812, guid: 16d7bc3253ba74c7d8a4f4cfbec11cbd, type: 3}
      propertyPath: m_LocalRotation.x
      value: 0.7071068
      objectReference: {fileID: 0}
    - target: {fileID: 474812, guid: 16d7bc3253ba74c7d8a4f4cfbec11cbd, type: 3}
      propertyPath: m_LocalRotation.y
      value: 0
      objectReference: {fileID: 0}
    - target: {fileID: 474812, guid: 16d7bc3253ba74c7d8a4f4cfbec11cbd, type: 3}
      propertyPath: m_LocalRotation.z
      value: 0
      objectReference: {fileID: 0}
    - target: {fileID: 474812, guid: 16d7bc3253ba74c7d8a4f4cfbec11cbd, type: 3}
      propertyPath: m_LocalRotation.w
      value: 0.7071068
      objectReference: {fileID: 0}
    - target: {fileID: 474812, guid: 16d7bc3253ba74c7d8a4f4cfbec11cbd, type: 3}
      propertyPath: m_RootOrder
      value: 7
      objectReference: {fileID: 0}
    - target: {fileID: 474812, guid: 16d7bc3253ba74c7d8a4f4cfbec11cbd, type: 3}
      propertyPath: m_LocalEulerAnglesHint.x
      value: 90
      objectReference: {fileID: 0}
    - target: {fileID: 474812, guid: 16d7bc3253ba74c7d8a4f4cfbec11cbd, type: 3}
      propertyPath: m_LocalEulerAnglesHint.y
      value: 0
      objectReference: {fileID: 0}
    - target: {fileID: 474812, guid: 16d7bc3253ba74c7d8a4f4cfbec11cbd, type: 3}
      propertyPath: m_LocalEulerAnglesHint.z
      value: 0
      objectReference: {fileID: 0}
    - target: {fileID: 474812, guid: 16d7bc3253ba74c7d8a4f4cfbec11cbd, type: 3}
      propertyPath: m_LocalScale.x
      value: 1
      objectReference: {fileID: 0}
    - target: {fileID: 474812, guid: 16d7bc3253ba74c7d8a4f4cfbec11cbd, type: 3}
      propertyPath: m_LocalScale.z
      value: 1
      objectReference: {fileID: 0}
    m_RemovedComponents: []
  m_SourcePrefab: {fileID: 100100000, guid: 16d7bc3253ba74c7d8a4f4cfbec11cbd, type: 3}
--- !u!4 &2812669491254062252 stripped
Transform:
  m_CorrespondingSourceObject: {fileID: 474812, guid: 16d7bc3253ba74c7d8a4f4cfbec11cbd,
    type: 3}
  m_PrefabInstance: {fileID: 2812669491253727760}
  m_PrefabAsset: {fileID: 0}
--- !u!1001 &2852732546350397638
PrefabInstance:
  m_ObjectHideFlags: 0
  serializedVersion: 2
  m_Modification:
    m_TransformParent: {fileID: 1642009570776981875}
    m_Modifications:
    - target: {fileID: 100000, guid: c0889cc7c41ae435bbcc94243a37a2c2, type: 3}
      propertyPath: m_Name
      value: Particle Seletion Rune Red Blue
      objectReference: {fileID: 0}
    - target: {fileID: 100000, guid: c0889cc7c41ae435bbcc94243a37a2c2, type: 3}
      propertyPath: m_Layer
      value: 9
      objectReference: {fileID: 0}
    - target: {fileID: 100002, guid: c0889cc7c41ae435bbcc94243a37a2c2, type: 3}
      propertyPath: m_Layer
      value: 9
      objectReference: {fileID: 0}
    - target: {fileID: 400000, guid: c0889cc7c41ae435bbcc94243a37a2c2, type: 3}
      propertyPath: m_LocalPosition.x
      value: 0
      objectReference: {fileID: 0}
    - target: {fileID: 400000, guid: c0889cc7c41ae435bbcc94243a37a2c2, type: 3}
      propertyPath: m_LocalPosition.y
      value: 0.01
      objectReference: {fileID: 0}
    - target: {fileID: 400000, guid: c0889cc7c41ae435bbcc94243a37a2c2, type: 3}
      propertyPath: m_LocalPosition.z
      value: 0
      objectReference: {fileID: 0}
    - target: {fileID: 400000, guid: c0889cc7c41ae435bbcc94243a37a2c2, type: 3}
      propertyPath: m_LocalRotation.x
      value: 0
      objectReference: {fileID: 0}
    - target: {fileID: 400000, guid: c0889cc7c41ae435bbcc94243a37a2c2, type: 3}
      propertyPath: m_LocalRotation.y
      value: 0
      objectReference: {fileID: 0}
    - target: {fileID: 400000, guid: c0889cc7c41ae435bbcc94243a37a2c2, type: 3}
      propertyPath: m_LocalRotation.z
      value: 0
      objectReference: {fileID: 0}
    - target: {fileID: 400000, guid: c0889cc7c41ae435bbcc94243a37a2c2, type: 3}
      propertyPath: m_LocalRotation.w
      value: 1
      objectReference: {fileID: 0}
    - target: {fileID: 400000, guid: c0889cc7c41ae435bbcc94243a37a2c2, type: 3}
      propertyPath: m_RootOrder
      value: 2
      objectReference: {fileID: 0}
    - target: {fileID: 400000, guid: c0889cc7c41ae435bbcc94243a37a2c2, type: 3}
      propertyPath: m_LocalEulerAnglesHint.x
      value: 0
      objectReference: {fileID: 0}
    - target: {fileID: 400000, guid: c0889cc7c41ae435bbcc94243a37a2c2, type: 3}
      propertyPath: m_LocalEulerAnglesHint.y
      value: 0
      objectReference: {fileID: 0}
    - target: {fileID: 400000, guid: c0889cc7c41ae435bbcc94243a37a2c2, type: 3}
      propertyPath: m_LocalEulerAnglesHint.z
      value: 0
      objectReference: {fileID: 0}
    - target: {fileID: 19800000, guid: c0889cc7c41ae435bbcc94243a37a2c2, type: 3}
      propertyPath: InitialModule.startLifetime.scalar
      value: 4
      objectReference: {fileID: 0}
    - target: {fileID: 19800000, guid: c0889cc7c41ae435bbcc94243a37a2c2, type: 3}
      propertyPath: InitialModule.startSize.scalar
      value: 4
      objectReference: {fileID: 0}
    - target: {fileID: 19800002, guid: c0889cc7c41ae435bbcc94243a37a2c2, type: 3}
      propertyPath: InitialModule.startRotationX.minMaxState
      value: 3
      objectReference: {fileID: 0}
    - target: {fileID: 19800002, guid: c0889cc7c41ae435bbcc94243a37a2c2, type: 3}
      propertyPath: InitialModule.startRotationY.minMaxState
      value: 3
      objectReference: {fileID: 0}
    - target: {fileID: 19800002, guid: c0889cc7c41ae435bbcc94243a37a2c2, type: 3}
      propertyPath: InitialModule.startSize.scalar
      value: 3
      objectReference: {fileID: 0}
    m_RemovedComponents: []
  m_SourcePrefab: {fileID: 100100000, guid: c0889cc7c41ae435bbcc94243a37a2c2, type: 3}
--- !u!4 &2852732546350785094 stripped
Transform:
  m_CorrespondingSourceObject: {fileID: 400000, guid: c0889cc7c41ae435bbcc94243a37a2c2,
    type: 3}
  m_PrefabInstance: {fileID: 2852732546350397638}
  m_PrefabAsset: {fileID: 0}
--- !u!1001 &2899583148687850193
PrefabInstance:
  m_ObjectHideFlags: 0
  serializedVersion: 2
  m_Modification:
    m_TransformParent: {fileID: 1598789811702215201}
    m_Modifications:
    - target: {fileID: 168854, guid: 16d7bc3253ba74c7d8a4f4cfbec11cbd, type: 3}
      propertyPath: m_Name
      value: Dungeon_MetalSpike2 (1)
      objectReference: {fileID: 0}
    - target: {fileID: 168854, guid: 16d7bc3253ba74c7d8a4f4cfbec11cbd, type: 3}
      propertyPath: m_Layer
      value: 9
      objectReference: {fileID: 0}
    - target: {fileID: 178370, guid: 16d7bc3253ba74c7d8a4f4cfbec11cbd, type: 3}
      propertyPath: m_Layer
      value: 9
      objectReference: {fileID: 0}
    - target: {fileID: 474812, guid: 16d7bc3253ba74c7d8a4f4cfbec11cbd, type: 3}
      propertyPath: m_LocalPosition.x
      value: 2.1310387
      objectReference: {fileID: 0}
    - target: {fileID: 474812, guid: 16d7bc3253ba74c7d8a4f4cfbec11cbd, type: 3}
      propertyPath: m_LocalPosition.y
      value: -0.45
      objectReference: {fileID: 0}
    - target: {fileID: 474812, guid: 16d7bc3253ba74c7d8a4f4cfbec11cbd, type: 3}
      propertyPath: m_LocalPosition.z
      value: -0.956
      objectReference: {fileID: 0}
    - target: {fileID: 474812, guid: 16d7bc3253ba74c7d8a4f4cfbec11cbd, type: 3}
      propertyPath: m_LocalRotation.x
      value: 0.7071068
      objectReference: {fileID: 0}
    - target: {fileID: 474812, guid: 16d7bc3253ba74c7d8a4f4cfbec11cbd, type: 3}
      propertyPath: m_LocalRotation.y
      value: 0
      objectReference: {fileID: 0}
    - target: {fileID: 474812, guid: 16d7bc3253ba74c7d8a4f4cfbec11cbd, type: 3}
      propertyPath: m_LocalRotation.z
      value: 0
      objectReference: {fileID: 0}
    - target: {fileID: 474812, guid: 16d7bc3253ba74c7d8a4f4cfbec11cbd, type: 3}
      propertyPath: m_LocalRotation.w
      value: 0.7071068
      objectReference: {fileID: 0}
    - target: {fileID: 474812, guid: 16d7bc3253ba74c7d8a4f4cfbec11cbd, type: 3}
      propertyPath: m_RootOrder
      value: 1
      objectReference: {fileID: 0}
    - target: {fileID: 474812, guid: 16d7bc3253ba74c7d8a4f4cfbec11cbd, type: 3}
      propertyPath: m_LocalEulerAnglesHint.x
      value: 90
      objectReference: {fileID: 0}
    - target: {fileID: 474812, guid: 16d7bc3253ba74c7d8a4f4cfbec11cbd, type: 3}
      propertyPath: m_LocalEulerAnglesHint.y
      value: 0
      objectReference: {fileID: 0}
    - target: {fileID: 474812, guid: 16d7bc3253ba74c7d8a4f4cfbec11cbd, type: 3}
      propertyPath: m_LocalEulerAnglesHint.z
      value: 0
      objectReference: {fileID: 0}
    - target: {fileID: 474812, guid: 16d7bc3253ba74c7d8a4f4cfbec11cbd, type: 3}
      propertyPath: m_LocalScale.x
      value: 1
      objectReference: {fileID: 0}
    - target: {fileID: 474812, guid: 16d7bc3253ba74c7d8a4f4cfbec11cbd, type: 3}
      propertyPath: m_LocalScale.z
      value: 1
      objectReference: {fileID: 0}
    m_RemovedComponents: []
  m_SourcePrefab: {fileID: 100100000, guid: 16d7bc3253ba74c7d8a4f4cfbec11cbd, type: 3}
--- !u!4 &2899583148687377517 stripped
Transform:
  m_CorrespondingSourceObject: {fileID: 474812, guid: 16d7bc3253ba74c7d8a4f4cfbec11cbd,
    type: 3}
  m_PrefabInstance: {fileID: 2899583148687850193}
  m_PrefabAsset: {fileID: 0}
--- !u!1001 &3591948352165331949
PrefabInstance:
  m_ObjectHideFlags: 0
  serializedVersion: 2
  m_Modification:
    m_TransformParent: {fileID: 1598789811702215201}
    m_Modifications:
    - target: {fileID: 168854, guid: 16d7bc3253ba74c7d8a4f4cfbec11cbd, type: 3}
      propertyPath: m_Name
      value: Dungeon_MetalSpike2 (6)
      objectReference: {fileID: 0}
    - target: {fileID: 168854, guid: 16d7bc3253ba74c7d8a4f4cfbec11cbd, type: 3}
      propertyPath: m_Layer
      value: 9
      objectReference: {fileID: 0}
    - target: {fileID: 178370, guid: 16d7bc3253ba74c7d8a4f4cfbec11cbd, type: 3}
      propertyPath: m_Layer
      value: 9
      objectReference: {fileID: 0}
    - target: {fileID: 474812, guid: 16d7bc3253ba74c7d8a4f4cfbec11cbd, type: 3}
      propertyPath: m_LocalPosition.x
      value: 0.631
      objectReference: {fileID: 0}
    - target: {fileID: 474812, guid: 16d7bc3253ba74c7d8a4f4cfbec11cbd, type: 3}
      propertyPath: m_LocalPosition.y
      value: -0.45
      objectReference: {fileID: 0}
    - target: {fileID: 474812, guid: 16d7bc3253ba74c7d8a4f4cfbec11cbd, type: 3}
      propertyPath: m_LocalPosition.z
      value: -0.20634933
      objectReference: {fileID: 0}
    - target: {fileID: 474812, guid: 16d7bc3253ba74c7d8a4f4cfbec11cbd, type: 3}
      propertyPath: m_LocalRotation.x
      value: 0.7071068
      objectReference: {fileID: 0}
    - target: {fileID: 474812, guid: 16d7bc3253ba74c7d8a4f4cfbec11cbd, type: 3}
      propertyPath: m_LocalRotation.y
      value: 0
      objectReference: {fileID: 0}
    - target: {fileID: 474812, guid: 16d7bc3253ba74c7d8a4f4cfbec11cbd, type: 3}
      propertyPath: m_LocalRotation.z
      value: 0
      objectReference: {fileID: 0}
    - target: {fileID: 474812, guid: 16d7bc3253ba74c7d8a4f4cfbec11cbd, type: 3}
      propertyPath: m_LocalRotation.w
      value: 0.7071068
      objectReference: {fileID: 0}
    - target: {fileID: 474812, guid: 16d7bc3253ba74c7d8a4f4cfbec11cbd, type: 3}
      propertyPath: m_RootOrder
      value: 6
      objectReference: {fileID: 0}
    - target: {fileID: 474812, guid: 16d7bc3253ba74c7d8a4f4cfbec11cbd, type: 3}
      propertyPath: m_LocalEulerAnglesHint.x
      value: 90
      objectReference: {fileID: 0}
    - target: {fileID: 474812, guid: 16d7bc3253ba74c7d8a4f4cfbec11cbd, type: 3}
      propertyPath: m_LocalEulerAnglesHint.y
      value: 0
      objectReference: {fileID: 0}
    - target: {fileID: 474812, guid: 16d7bc3253ba74c7d8a4f4cfbec11cbd, type: 3}
      propertyPath: m_LocalEulerAnglesHint.z
      value: 0
      objectReference: {fileID: 0}
    - target: {fileID: 474812, guid: 16d7bc3253ba74c7d8a4f4cfbec11cbd, type: 3}
      propertyPath: m_LocalScale.x
      value: 1
      objectReference: {fileID: 0}
    - target: {fileID: 474812, guid: 16d7bc3253ba74c7d8a4f4cfbec11cbd, type: 3}
      propertyPath: m_LocalScale.z
      value: 1
      objectReference: {fileID: 0}
    m_RemovedComponents: []
  m_SourcePrefab: {fileID: 100100000, guid: 16d7bc3253ba74c7d8a4f4cfbec11cbd, type: 3}
--- !u!4 &3591948352165150033 stripped
Transform:
  m_CorrespondingSourceObject: {fileID: 474812, guid: 16d7bc3253ba74c7d8a4f4cfbec11cbd,
    type: 3}
  m_PrefabInstance: {fileID: 3591948352165331949}
  m_PrefabAsset: {fileID: 0}
--- !u!1001 &7203474201540365706
PrefabInstance:
  m_ObjectHideFlags: 0
  serializedVersion: 2
  m_Modification:
    m_TransformParent: {fileID: 1598789811702215201}
    m_Modifications:
    - target: {fileID: 168854, guid: 16d7bc3253ba74c7d8a4f4cfbec11cbd, type: 3}
      propertyPath: m_Name
      value: Dungeon_MetalSpike2 (2)
      objectReference: {fileID: 0}
    - target: {fileID: 168854, guid: 16d7bc3253ba74c7d8a4f4cfbec11cbd, type: 3}
      propertyPath: m_Layer
      value: 9
      objectReference: {fileID: 0}
    - target: {fileID: 178370, guid: 16d7bc3253ba74c7d8a4f4cfbec11cbd, type: 3}
      propertyPath: m_Layer
      value: 9
      objectReference: {fileID: 0}
    - target: {fileID: 474812, guid: 16d7bc3253ba74c7d8a4f4cfbec11cbd, type: 3}
      propertyPath: m_LocalPosition.x
      value: 2.1310387
      objectReference: {fileID: 0}
    - target: {fileID: 474812, guid: 16d7bc3253ba74c7d8a4f4cfbec11cbd, type: 3}
      propertyPath: m_LocalPosition.y
      value: -0.45
      objectReference: {fileID: 0}
    - target: {fileID: 474812, guid: 16d7bc3253ba74c7d8a4f4cfbec11cbd, type: 3}
      propertyPath: m_LocalPosition.z
      value: 0.544
      objectReference: {fileID: 0}
    - target: {fileID: 474812, guid: 16d7bc3253ba74c7d8a4f4cfbec11cbd, type: 3}
      propertyPath: m_LocalRotation.x
      value: 0.7071068
      objectReference: {fileID: 0}
    - target: {fileID: 474812, guid: 16d7bc3253ba74c7d8a4f4cfbec11cbd, type: 3}
      propertyPath: m_LocalRotation.y
      value: 0
      objectReference: {fileID: 0}
    - target: {fileID: 474812, guid: 16d7bc3253ba74c7d8a4f4cfbec11cbd, type: 3}
      propertyPath: m_LocalRotation.z
      value: 0
      objectReference: {fileID: 0}
    - target: {fileID: 474812, guid: 16d7bc3253ba74c7d8a4f4cfbec11cbd, type: 3}
      propertyPath: m_LocalRotation.w
      value: 0.7071068
      objectReference: {fileID: 0}
    - target: {fileID: 474812, guid: 16d7bc3253ba74c7d8a4f4cfbec11cbd, type: 3}
      propertyPath: m_RootOrder
      value: 2
      objectReference: {fileID: 0}
    - target: {fileID: 474812, guid: 16d7bc3253ba74c7d8a4f4cfbec11cbd, type: 3}
      propertyPath: m_LocalEulerAnglesHint.x
      value: 90
      objectReference: {fileID: 0}
    - target: {fileID: 474812, guid: 16d7bc3253ba74c7d8a4f4cfbec11cbd, type: 3}
      propertyPath: m_LocalEulerAnglesHint.y
      value: 0
      objectReference: {fileID: 0}
    - target: {fileID: 474812, guid: 16d7bc3253ba74c7d8a4f4cfbec11cbd, type: 3}
      propertyPath: m_LocalEulerAnglesHint.z
      value: 0
      objectReference: {fileID: 0}
    - target: {fileID: 474812, guid: 16d7bc3253ba74c7d8a4f4cfbec11cbd, type: 3}
      propertyPath: m_LocalScale.x
      value: 1
      objectReference: {fileID: 0}
    - target: {fileID: 474812, guid: 16d7bc3253ba74c7d8a4f4cfbec11cbd, type: 3}
      propertyPath: m_LocalScale.z
      value: 1
      objectReference: {fileID: 0}
    m_RemovedComponents: []
  m_SourcePrefab: {fileID: 100100000, guid: 16d7bc3253ba74c7d8a4f4cfbec11cbd, type: 3}
--- !u!4 &7203474201540703030 stripped
Transform:
  m_CorrespondingSourceObject: {fileID: 474812, guid: 16d7bc3253ba74c7d8a4f4cfbec11cbd,
    type: 3}
  m_PrefabInstance: {fileID: 7203474201540365706}
  m_PrefabAsset: {fileID: 0}
--- !u!1001 &8119880382419692540
PrefabInstance:
  m_ObjectHideFlags: 0
  serializedVersion: 2
  m_Modification:
    m_TransformParent: {fileID: 1598789811702215201}
    m_Modifications:
    - target: {fileID: 168854, guid: 16d7bc3253ba74c7d8a4f4cfbec11cbd, type: 3}
      propertyPath: m_Name
      value: Dungeon_MetalSpike2 (8)
      objectReference: {fileID: 0}
    - target: {fileID: 168854, guid: 16d7bc3253ba74c7d8a4f4cfbec11cbd, type: 3}
      propertyPath: m_Layer
      value: 9
      objectReference: {fileID: 0}
    - target: {fileID: 178370, guid: 16d7bc3253ba74c7d8a4f4cfbec11cbd, type: 3}
      propertyPath: m_Layer
      value: 9
      objectReference: {fileID: 0}
    - target: {fileID: 474812, guid: 16d7bc3253ba74c7d8a4f4cfbec11cbd, type: 3}
      propertyPath: m_LocalPosition.x
      value: 0.631
      objectReference: {fileID: 0}
    - target: {fileID: 474812, guid: 16d7bc3253ba74c7d8a4f4cfbec11cbd, type: 3}
      propertyPath: m_LocalPosition.y
      value: -0.45
      objectReference: {fileID: 0}
    - target: {fileID: 474812, guid: 16d7bc3253ba74c7d8a4f4cfbec11cbd, type: 3}
      propertyPath: m_LocalPosition.z
      value: 0.544
      objectReference: {fileID: 0}
    - target: {fileID: 474812, guid: 16d7bc3253ba74c7d8a4f4cfbec11cbd, type: 3}
      propertyPath: m_LocalRotation.x
      value: 0.7071068
      objectReference: {fileID: 0}
    - target: {fileID: 474812, guid: 16d7bc3253ba74c7d8a4f4cfbec11cbd, type: 3}
      propertyPath: m_LocalRotation.y
      value: 0
      objectReference: {fileID: 0}
    - target: {fileID: 474812, guid: 16d7bc3253ba74c7d8a4f4cfbec11cbd, type: 3}
      propertyPath: m_LocalRotation.z
      value: 0
      objectReference: {fileID: 0}
    - target: {fileID: 474812, guid: 16d7bc3253ba74c7d8a4f4cfbec11cbd, type: 3}
      propertyPath: m_LocalRotation.w
      value: 0.7071068
      objectReference: {fileID: 0}
    - target: {fileID: 474812, guid: 16d7bc3253ba74c7d8a4f4cfbec11cbd, type: 3}
      propertyPath: m_RootOrder
      value: 8
      objectReference: {fileID: 0}
    - target: {fileID: 474812, guid: 16d7bc3253ba74c7d8a4f4cfbec11cbd, type: 3}
      propertyPath: m_LocalEulerAnglesHint.x
      value: 90
      objectReference: {fileID: 0}
    - target: {fileID: 474812, guid: 16d7bc3253ba74c7d8a4f4cfbec11cbd, type: 3}
      propertyPath: m_LocalEulerAnglesHint.y
      value: 0
      objectReference: {fileID: 0}
    - target: {fileID: 474812, guid: 16d7bc3253ba74c7d8a4f4cfbec11cbd, type: 3}
      propertyPath: m_LocalEulerAnglesHint.z
      value: 0
      objectReference: {fileID: 0}
    - target: {fileID: 474812, guid: 16d7bc3253ba74c7d8a4f4cfbec11cbd, type: 3}
      propertyPath: m_LocalScale.x
      value: 1
      objectReference: {fileID: 0}
    - target: {fileID: 474812, guid: 16d7bc3253ba74c7d8a4f4cfbec11cbd, type: 3}
      propertyPath: m_LocalScale.z
      value: 1
      objectReference: {fileID: 0}
    m_RemovedComponents: []
  m_SourcePrefab: {fileID: 100100000, guid: 16d7bc3253ba74c7d8a4f4cfbec11cbd, type: 3}
--- !u!4 &8119880382420014400 stripped
Transform:
  m_CorrespondingSourceObject: {fileID: 474812, guid: 16d7bc3253ba74c7d8a4f4cfbec11cbd,
    type: 3}
  m_PrefabInstance: {fileID: 8119880382419692540}
  m_PrefabAsset: {fileID: 0}
--- !u!1001 &8696752190914990245
PrefabInstance:
  m_ObjectHideFlags: 0
  serializedVersion: 2
  m_Modification:
    m_TransformParent: {fileID: 1598789811702215201}
    m_Modifications:
    - target: {fileID: 168854, guid: 16d7bc3253ba74c7d8a4f4cfbec11cbd, type: 3}
      propertyPath: m_Name
      value: Dungeon_MetalSpike2 (4)
      objectReference: {fileID: 0}
    - target: {fileID: 168854, guid: 16d7bc3253ba74c7d8a4f4cfbec11cbd, type: 3}
      propertyPath: m_Layer
      value: 9
      objectReference: {fileID: 0}
    - target: {fileID: 178370, guid: 16d7bc3253ba74c7d8a4f4cfbec11cbd, type: 3}
      propertyPath: m_Layer
      value: 9
      objectReference: {fileID: 0}
    - target: {fileID: 474812, guid: 16d7bc3253ba74c7d8a4f4cfbec11cbd, type: 3}
      propertyPath: m_LocalPosition.x
      value: 1.381
      objectReference: {fileID: 0}
    - target: {fileID: 474812, guid: 16d7bc3253ba74c7d8a4f4cfbec11cbd, type: 3}
      propertyPath: m_LocalPosition.y
      value: -0.45
      objectReference: {fileID: 0}
    - target: {fileID: 474812, guid: 16d7bc3253ba74c7d8a4f4cfbec11cbd, type: 3}
      propertyPath: m_LocalPosition.z
      value: -0.956
      objectReference: {fileID: 0}
    - target: {fileID: 474812, guid: 16d7bc3253ba74c7d8a4f4cfbec11cbd, type: 3}
      propertyPath: m_LocalRotation.x
      value: 0.7071068
      objectReference: {fileID: 0}
    - target: {fileID: 474812, guid: 16d7bc3253ba74c7d8a4f4cfbec11cbd, type: 3}
      propertyPath: m_LocalRotation.y
      value: 0
      objectReference: {fileID: 0}
    - target: {fileID: 474812, guid: 16d7bc3253ba74c7d8a4f4cfbec11cbd, type: 3}
      propertyPath: m_LocalRotation.z
      value: 0
      objectReference: {fileID: 0}
    - target: {fileID: 474812, guid: 16d7bc3253ba74c7d8a4f4cfbec11cbd, type: 3}
      propertyPath: m_LocalRotation.w
      value: 0.7071068
      objectReference: {fileID: 0}
    - target: {fileID: 474812, guid: 16d7bc3253ba74c7d8a4f4cfbec11cbd, type: 3}
      propertyPath: m_RootOrder
      value: 4
      objectReference: {fileID: 0}
    - target: {fileID: 474812, guid: 16d7bc3253ba74c7d8a4f4cfbec11cbd, type: 3}
      propertyPath: m_LocalEulerAnglesHint.x
      value: 90
      objectReference: {fileID: 0}
    - target: {fileID: 474812, guid: 16d7bc3253ba74c7d8a4f4cfbec11cbd, type: 3}
      propertyPath: m_LocalEulerAnglesHint.y
      value: 0
      objectReference: {fileID: 0}
    - target: {fileID: 474812, guid: 16d7bc3253ba74c7d8a4f4cfbec11cbd, type: 3}
      propertyPath: m_LocalEulerAnglesHint.z
      value: 0
      objectReference: {fileID: 0}
    - target: {fileID: 474812, guid: 16d7bc3253ba74c7d8a4f4cfbec11cbd, type: 3}
      propertyPath: m_LocalScale.x
      value: 1
      objectReference: {fileID: 0}
    - target: {fileID: 474812, guid: 16d7bc3253ba74c7d8a4f4cfbec11cbd, type: 3}
      propertyPath: m_LocalScale.z
      value: 1
      objectReference: {fileID: 0}
    m_RemovedComponents: []
  m_SourcePrefab: {fileID: 100100000, guid: 16d7bc3253ba74c7d8a4f4cfbec11cbd, type: 3}
--- !u!4 &8696752190914670105 stripped
Transform:
  m_CorrespondingSourceObject: {fileID: 474812, guid: 16d7bc3253ba74c7d8a4f4cfbec11cbd,
    type: 3}
  m_PrefabInstance: {fileID: 8696752190914990245}
  m_PrefabAsset: {fileID: 0}
--- !u!1001 &8927434522294073511
PrefabInstance:
  m_ObjectHideFlags: 0
  serializedVersion: 2
  m_Modification:
    m_TransformParent: {fileID: 1598789811702215201}
    m_Modifications:
    - target: {fileID: 168854, guid: 16d7bc3253ba74c7d8a4f4cfbec11cbd, type: 3}
      propertyPath: m_Name
      value: Dungeon_MetalSpike2 (3)
      objectReference: {fileID: 0}
    - target: {fileID: 168854, guid: 16d7bc3253ba74c7d8a4f4cfbec11cbd, type: 3}
      propertyPath: m_Layer
      value: 9
      objectReference: {fileID: 0}
    - target: {fileID: 178370, guid: 16d7bc3253ba74c7d8a4f4cfbec11cbd, type: 3}
      propertyPath: m_Layer
      value: 9
      objectReference: {fileID: 0}
    - target: {fileID: 474812, guid: 16d7bc3253ba74c7d8a4f4cfbec11cbd, type: 3}
      propertyPath: m_LocalPosition.x
      value: 1.381
      objectReference: {fileID: 0}
    - target: {fileID: 474812, guid: 16d7bc3253ba74c7d8a4f4cfbec11cbd, type: 3}
      propertyPath: m_LocalPosition.y
      value: -0.45
      objectReference: {fileID: 0}
    - target: {fileID: 474812, guid: 16d7bc3253ba74c7d8a4f4cfbec11cbd, type: 3}
      propertyPath: m_LocalPosition.z
      value: -0.20634933
      objectReference: {fileID: 0}
    - target: {fileID: 474812, guid: 16d7bc3253ba74c7d8a4f4cfbec11cbd, type: 3}
      propertyPath: m_LocalRotation.x
      value: 0.7071068
      objectReference: {fileID: 0}
    - target: {fileID: 474812, guid: 16d7bc3253ba74c7d8a4f4cfbec11cbd, type: 3}
      propertyPath: m_LocalRotation.y
      value: 0
      objectReference: {fileID: 0}
    - target: {fileID: 474812, guid: 16d7bc3253ba74c7d8a4f4cfbec11cbd, type: 3}
      propertyPath: m_LocalRotation.z
      value: 0
      objectReference: {fileID: 0}
    - target: {fileID: 474812, guid: 16d7bc3253ba74c7d8a4f4cfbec11cbd, type: 3}
      propertyPath: m_LocalRotation.w
      value: 0.7071068
      objectReference: {fileID: 0}
    - target: {fileID: 474812, guid: 16d7bc3253ba74c7d8a4f4cfbec11cbd, type: 3}
      propertyPath: m_RootOrder
      value: 3
      objectReference: {fileID: 0}
    - target: {fileID: 474812, guid: 16d7bc3253ba74c7d8a4f4cfbec11cbd, type: 3}
      propertyPath: m_LocalEulerAnglesHint.x
      value: 90
      objectReference: {fileID: 0}
    - target: {fileID: 474812, guid: 16d7bc3253ba74c7d8a4f4cfbec11cbd, type: 3}
      propertyPath: m_LocalEulerAnglesHint.y
      value: 0
      objectReference: {fileID: 0}
    - target: {fileID: 474812, guid: 16d7bc3253ba74c7d8a4f4cfbec11cbd, type: 3}
      propertyPath: m_LocalEulerAnglesHint.z
      value: 0
      objectReference: {fileID: 0}
    - target: {fileID: 474812, guid: 16d7bc3253ba74c7d8a4f4cfbec11cbd, type: 3}
      propertyPath: m_LocalScale.x
      value: 1
      objectReference: {fileID: 0}
    - target: {fileID: 474812, guid: 16d7bc3253ba74c7d8a4f4cfbec11cbd, type: 3}
      propertyPath: m_LocalScale.z
      value: 1
      objectReference: {fileID: 0}
    m_RemovedComponents: []
  m_SourcePrefab: {fileID: 100100000, guid: 16d7bc3253ba74c7d8a4f4cfbec11cbd, type: 3}
--- !u!4 &8927434522293863963 stripped
Transform:
  m_CorrespondingSourceObject: {fileID: 474812, guid: 16d7bc3253ba74c7d8a4f4cfbec11cbd,
    type: 3}
  m_PrefabInstance: {fileID: 8927434522294073511}
  m_PrefabAsset: {fileID: 0}
