%YAML 1.1
%TAG !u! tag:unity3d.com,2011:
--- !u!241 &24100000
AudioMixerController:
  m_ObjectHideFlags: 0
  m_CorrespondingSourceObject: {fileID: 0}
  m_PrefabInstance: {fileID: 0}
  m_PrefabAsset: {fileID: 0}
  m_Name: Embrace The Quest
  m_OutputGroup: {fileID: 0}
  m_MasterGroup: {fileID: 24300001}
  m_Snapshots:
  - {fileID: 24500003}
  - {fileID: 24561846}
  - {fileID: 24546174}
  - {fileID: 24520494}
  - {fileID: 24599208}
  - {fileID: 24528264}
  - {fileID: 24503296}
  - {fileID: 24578790}
  - {fileID: 24554070}
  - {fileID: 24506934}
  - {fileID: 24519968}
  m_StartSnapshot: {fileID: 24500003}
  m_SuspendThreshold: -80
  m_EnableSuspend: 1
  m_UpdateMode: 0
  m_ExposedParameters:
  - guid: 58bd4110653e9444793caab4ebd88bb0
    name: BassCellos
  - guid: 3b294471cb5454829ae05bcb3b4be0a4
    name: Celeste
  - guid: 1824f22034fc5409b8ce4adfe5a2165b
    name: Cello
  - guid: dc4415692c8644eb8850a678a7dbea22
    name: CymbalCresc
  - guid: aec1f6c82d8b34bd48fae3d8e6bf37bf
    name: Harp
  - guid: cea7ea29eef2c45f98a84d1159d3d19c
    name: LadyVoice
  - guid: 26d0d3fa1dcc44ebb9e5a923d1493081
    name: LongStrings
  - guid: ecfbe032608a04be0a7a5140b0d0d4ec
    name: LyricalViolin
  - guid: 22588d42782964012911febc5113c922
    name: Master
  - guid: e5c45056b7872406885e00047db8c873
    name: Oboe_Flute
  - guid: 358b2f500a9d547d0a740edd50b4de51
    name: Piano
  - guid: 00f5edc6e8ff247fba49682f142a526f
    name: Piccolo
  - guid: 87f3682a9937640aa9b3041c193d355a
    name: Snares
  - guid: 69120eab6fe6e48b991f12879559da0f
    name: Tambourine
  - guid: e32eae42cdb014224a5f4aff7c9e3874
    name: TimpRolls
  - guid: 07f6f393769184530943f55dc5d9033d
    name: Timps
  - guid: 1a88d38e525914cd98f7bd144131208b
    name: Trumpets
  - guid: 95ceecf5bca654781ae526ab4c83833b
    name: Violin2
  - guid: 40dfc1bf097a849829c2247a04a81241
    name: Violin2_Centered
  m_AudioMixerGroupViews:
  - guids:
    - aa7353e5c35254714b07585e12c33d96
    - f748008445284478582656808c673689
    - 04399e6b3b5594156b57ad0cecaa0434
    - 190d46cc0d0fc492b9cda10707698306
    - 274379586fbbd474dadf10119de1b838
    - 90c01f5c13f1a4a8aab3f07ba0b751ff
    - 67e0cd37a26ec4e14b7c616cf05c56ce
    - 30ec60c0f939d4b08b89f3601db9d64c
    - 561c5d4c59a5b4575a6f68bba5af1030
    - d2b6d93f9d47341058266a0b2b112ff0
    - 5118a616a59524b6895c9e904783fa70
    - f7058d8760e744149b44eb8683ae9848
    - 568742cc6a82f415996c492d8c981c24
    - 6a277cf3765d74c6ba2ebe19520ef9e2
    - c3eed86a3bc8f487eaa114a6262d6208
    - c85f5dcc424b848b89d05a9f3da7abd2
    - 69994019918fd42929bde3bc430b7cbe
    - d988afc36731b46928211df146f1a711
    - efd582ad2563b486dad13a0a48efb3cb
    name: View
  m_CurrentViewIndex: 0
  m_TargetSnapshot: {fileID: 24519968}
--- !u!243 &24300001
AudioMixerGroupController:
  m_ObjectHideFlags: 0
  m_CorrespondingSourceObject: {fileID: 0}
  m_PrefabInstance: {fileID: 0}
  m_PrefabAsset: {fileID: 0}
  m_Name: Master
  m_AudioMixer: {fileID: 24100000}
  m_GroupID: aa7353e5c35254714b07585e12c33d96
  m_Children:
  - {fileID: 24369296}
  - {fileID: 24312654}
  - {fileID: 24349860}
  - {fileID: 24370644}
  - {fileID: 24364146}
  - {fileID: 24318592}
  - {fileID: 24352954}
  - {fileID: 24350810}
  - {fileID: 24311726}
  - {fileID: 24379028}
  - {fileID: 24384900}
  - {fileID: 24300314}
  - {fileID: 24337468}
  - {fileID: 24373078}
  - {fileID: 24388388}
  - {fileID: 24324408}
  - {fileID: 24314646}
  - {fileID: 24335164}
  m_Volume: 22588d42782964012911febc5113c922
  m_Pitch: 80be0bcb68db64b71b74d996d3378ab4
  m_Send: 00000000000000000000000000000000
  m_Effects:
  - {fileID: 24400002}
  m_UserColorIndex: 0
  m_Mute: 0
  m_Solo: 0
  m_BypassEffects: 0
--- !u!243 &24300314
AudioMixerGroupController:
  m_ObjectHideFlags: 0
  m_CorrespondingSourceObject: {fileID: 0}
  m_PrefabInstance: {fileID: 0}
  m_PrefabAsset: {fileID: 0}
  m_Name: Snares
  m_AudioMixer: {fileID: 24100000}
  m_GroupID: 568742cc6a82f415996c492d8c981c24
  m_Children: []
  m_Volume: 87f3682a9937640aa9b3041c193d355a
  m_Pitch: 42d11fc38c93f4d33999998908021bb8
  m_Send: 00000000000000000000000000000000
  m_Effects:
  - {fileID: 24472794}
  m_UserColorIndex: 0
  m_Mute: 0
  m_Solo: 0
  m_BypassEffects: 0
--- !u!243 &24311726
AudioMixerGroupController:
  m_ObjectHideFlags: 0
  m_CorrespondingSourceObject: {fileID: 0}
  m_PrefabInstance: {fileID: 0}
  m_PrefabAsset: {fileID: 0}
  m_Name: Oboe_Flute
  m_AudioMixer: {fileID: 24100000}
  m_GroupID: d2b6d93f9d47341058266a0b2b112ff0
  m_Children: []
  m_Volume: e5c45056b7872406885e00047db8c873
  m_Pitch: 9d599075d617d4c8c8269195fd17fe8c
  m_Send: 00000000000000000000000000000000
  m_Effects:
  - {fileID: 24487378}
  m_UserColorIndex: 0
  m_Mute: 0
  m_Solo: 0
  m_BypassEffects: 0
--- !u!243 &24312654
AudioMixerGroupController:
  m_ObjectHideFlags: 0
  m_CorrespondingSourceObject: {fileID: 0}
  m_PrefabInstance: {fileID: 0}
  m_PrefabAsset: {fileID: 0}
  m_Name: Celeste
  m_AudioMixer: {fileID: 24100000}
  m_GroupID: 04399e6b3b5594156b57ad0cecaa0434
  m_Children: []
  m_Volume: 3b294471cb5454829ae05bcb3b4be0a4
  m_Pitch: 66a031c8d66d845f58e98b0455ca82ff
  m_Send: 00000000000000000000000000000000
  m_Effects:
  - {fileID: 24439716}
  m_UserColorIndex: 0
  m_Mute: 0
  m_Solo: 0
  m_BypassEffects: 0
--- !u!243 &24314646
AudioMixerGroupController:
  m_ObjectHideFlags: 0
  m_CorrespondingSourceObject: {fileID: 0}
  m_PrefabInstance: {fileID: 0}
  m_PrefabAsset: {fileID: 0}
  m_Name: Violin2
  m_AudioMixer: {fileID: 24100000}
  m_GroupID: d988afc36731b46928211df146f1a711
  m_Children: []
  m_Volume: 95ceecf5bca654781ae526ab4c83833b
  m_Pitch: 4dd23713c0f694fc197f5dd043f2b2dd
  m_Send: 00000000000000000000000000000000
  m_Effects:
  - {fileID: 24497932}
  m_UserColorIndex: 0
  m_Mute: 0
  m_Solo: 0
  m_BypassEffects: 0
--- !u!243 &24318592
AudioMixerGroupController:
  m_ObjectHideFlags: 0
  m_CorrespondingSourceObject: {fileID: 0}
  m_PrefabInstance: {fileID: 0}
  m_PrefabAsset: {fileID: 0}
  m_Name: LadyVoice
  m_AudioMixer: {fileID: 24100000}
  m_GroupID: 67e0cd37a26ec4e14b7c616cf05c56ce
  m_Children: []
  m_Volume: cea7ea29eef2c45f98a84d1159d3d19c
  m_Pitch: d9e53ec3554b44f42b2189c3a4abe5b2
  m_Send: 00000000000000000000000000000000
  m_Effects:
  - {fileID: 24478648}
  m_UserColorIndex: 0
  m_Mute: 0
  m_Solo: 0
  m_BypassEffects: 0
--- !u!243 &24324408
AudioMixerGroupController:
  m_ObjectHideFlags: 0
  m_CorrespondingSourceObject: {fileID: 0}
  m_PrefabInstance: {fileID: 0}
  m_PrefabAsset: {fileID: 0}
  m_Name: Trumpets
  m_AudioMixer: {fileID: 24100000}
  m_GroupID: 69994019918fd42929bde3bc430b7cbe
  m_Children: []
  m_Volume: 1a88d38e525914cd98f7bd144131208b
  m_Pitch: 9b0ec2e61bca946ca864b92f37a543ad
  m_Send: 00000000000000000000000000000000
  m_Effects:
  - {fileID: 24458772}
  m_UserColorIndex: 0
  m_Mute: 0
  m_Solo: 0
  m_BypassEffects: 0
--- !u!243 &24335164
AudioMixerGroupController:
  m_ObjectHideFlags: 0
  m_CorrespondingSourceObject: {fileID: 0}
  m_PrefabInstance: {fileID: 0}
  m_PrefabAsset: {fileID: 0}
  m_Name: Violin2_Centered
  m_AudioMixer: {fileID: 24100000}
  m_GroupID: efd582ad2563b486dad13a0a48efb3cb
  m_Children: []
  m_Volume: 40dfc1bf097a849829c2247a04a81241
  m_Pitch: 80c03dba14ee24434925430f693f1a09
  m_Send: 00000000000000000000000000000000
  m_Effects:
  - {fileID: 24477678}
  m_UserColorIndex: 0
  m_Mute: 0
  m_Solo: 0
  m_BypassEffects: 0
--- !u!243 &24337468
AudioMixerGroupController:
  m_ObjectHideFlags: 0
  m_CorrespondingSourceObject: {fileID: 0}
  m_PrefabInstance: {fileID: 0}
  m_PrefabAsset: {fileID: 0}
  m_Name: Tambourine
  m_AudioMixer: {fileID: 24100000}
  m_GroupID: 6a277cf3765d74c6ba2ebe19520ef9e2
  m_Children: []
  m_Volume: 69120eab6fe6e48b991f12879559da0f
  m_Pitch: d2f23bad2ffd9460182bb10c0e77b4a2
  m_Send: 00000000000000000000000000000000
  m_Effects:
  - {fileID: 24405788}
  m_UserColorIndex: 0
  m_Mute: 0
  m_Solo: 0
  m_BypassEffects: 0
--- !u!243 &24349860
AudioMixerGroupController:
  m_ObjectHideFlags: 0
  m_CorrespondingSourceObject: {fileID: 0}
  m_PrefabInstance: {fileID: 0}
  m_PrefabAsset: {fileID: 0}
  m_Name: Cello
  m_AudioMixer: {fileID: 24100000}
  m_GroupID: 190d46cc0d0fc492b9cda10707698306
  m_Children: []
  m_Volume: 1824f22034fc5409b8ce4adfe5a2165b
  m_Pitch: 70034a43d61214605a4d76ae3d02ed8f
  m_Send: 00000000000000000000000000000000
  m_Effects:
  - {fileID: 24482050}
  m_UserColorIndex: 0
  m_Mute: 0
  m_Solo: 0
  m_BypassEffects: 0
--- !u!243 &24350810
AudioMixerGroupController:
  m_ObjectHideFlags: 0
  m_CorrespondingSourceObject: {fileID: 0}
  m_PrefabInstance: {fileID: 0}
  m_PrefabAsset: {fileID: 0}
  m_Name: LyricalViolin
  m_AudioMixer: {fileID: 24100000}
  m_GroupID: 561c5d4c59a5b4575a6f68bba5af1030
  m_Children: []
  m_Volume: ecfbe032608a04be0a7a5140b0d0d4ec
  m_Pitch: f5f67fc38654041e2bdce1aaef47052d
  m_Send: 00000000000000000000000000000000
  m_Effects:
  - {fileID: 24466944}
  m_UserColorIndex: 0
  m_Mute: 0
  m_Solo: 0
  m_BypassEffects: 0
--- !u!243 &24352954
AudioMixerGroupController:
  m_ObjectHideFlags: 0
  m_CorrespondingSourceObject: {fileID: 0}
  m_PrefabInstance: {fileID: 0}
  m_PrefabAsset: {fileID: 0}
  m_Name: LongStrings
  m_AudioMixer: {fileID: 24100000}
  m_GroupID: 30ec60c0f939d4b08b89f3601db9d64c
  m_Children: []
  m_Volume: 26d0d3fa1dcc44ebb9e5a923d1493081
  m_Pitch: 98fa2e7bcd742460fb01225f99950f4f
  m_Send: 00000000000000000000000000000000
  m_Effects:
  - {fileID: 24496386}
  m_UserColorIndex: 0
  m_Mute: 0
  m_Solo: 0
  m_BypassEffects: 0
--- !u!243 &24364146
AudioMixerGroupController:
  m_ObjectHideFlags: 0
  m_CorrespondingSourceObject: {fileID: 0}
  m_PrefabInstance: {fileID: 0}
  m_PrefabAsset: {fileID: 0}
  m_Name: Harp
  m_AudioMixer: {fileID: 24100000}
  m_GroupID: 90c01f5c13f1a4a8aab3f07ba0b751ff
  m_Children: []
  m_Volume: aec1f6c82d8b34bd48fae3d8e6bf37bf
  m_Pitch: 39236d2680ac04607a5fd71b8fe8e37b
  m_Send: 00000000000000000000000000000000
  m_Effects:
  - {fileID: 24425936}
  m_UserColorIndex: 0
  m_Mute: 0
  m_Solo: 0
  m_BypassEffects: 0
--- !u!243 &24369296
AudioMixerGroupController:
  m_ObjectHideFlags: 0
  m_CorrespondingSourceObject: {fileID: 0}
  m_PrefabInstance: {fileID: 0}
  m_PrefabAsset: {fileID: 0}
  m_Name: BassCellos
  m_AudioMixer: {fileID: 24100000}
  m_GroupID: f748008445284478582656808c673689
  m_Children: []
  m_Volume: 58bd4110653e9444793caab4ebd88bb0
  m_Pitch: 9bab06e93c84f43db9c1df8dc173c270
  m_Send: 00000000000000000000000000000000
  m_Effects:
  - {fileID: 24417778}
  m_UserColorIndex: 0
  m_Mute: 0
  m_Solo: 0
  m_BypassEffects: 0
--- !u!243 &24370644
AudioMixerGroupController:
  m_ObjectHideFlags: 0
  m_CorrespondingSourceObject: {fileID: 0}
  m_PrefabInstance: {fileID: 0}
  m_PrefabAsset: {fileID: 0}
  m_Name: CymbalCresc
  m_AudioMixer: {fileID: 24100000}
  m_GroupID: 274379586fbbd474dadf10119de1b838
  m_Children: []
  m_Volume: dc4415692c8644eb8850a678a7dbea22
  m_Pitch: 25ff882c36bbf4ac191efccd70bc8947
  m_Send: 00000000000000000000000000000000
  m_Effects:
  - {fileID: 24448342}
  m_UserColorIndex: 0
  m_Mute: 0
  m_Solo: 0
  m_BypassEffects: 0
--- !u!243 &24373078
AudioMixerGroupController:
  m_ObjectHideFlags: 0
  m_CorrespondingSourceObject: {fileID: 0}
  m_PrefabInstance: {fileID: 0}
  m_PrefabAsset: {fileID: 0}
  m_Name: TimpRolls
  m_AudioMixer: {fileID: 24100000}
  m_GroupID: c3eed86a3bc8f487eaa114a6262d6208
  m_Children: []
  m_Volume: e32eae42cdb014224a5f4aff7c9e3874
  m_Pitch: ce3fa706c069a40e3a833886bd1f2c7c
  m_Send: 00000000000000000000000000000000
  m_Effects:
  - {fileID: 24484360}
  m_UserColorIndex: 0
  m_Mute: 0
  m_Solo: 0
  m_BypassEffects: 0
--- !u!243 &24379028
AudioMixerGroupController:
  m_ObjectHideFlags: 0
  m_CorrespondingSourceObject: {fileID: 0}
  m_PrefabInstance: {fileID: 0}
  m_PrefabAsset: {fileID: 0}
  m_Name: Piano
  m_AudioMixer: {fileID: 24100000}
  m_GroupID: 5118a616a59524b6895c9e904783fa70
  m_Children: []
  m_Volume: 358b2f500a9d547d0a740edd50b4de51
  m_Pitch: 871a8412197af4646b898ac3762c823e
  m_Send: 00000000000000000000000000000000
  m_Effects:
  - {fileID: 24480516}
  m_UserColorIndex: 0
  m_Mute: 0
  m_Solo: 0
  m_BypassEffects: 0
--- !u!243 &24384900
AudioMixerGroupController:
  m_ObjectHideFlags: 0
  m_CorrespondingSourceObject: {fileID: 0}
  m_PrefabInstance: {fileID: 0}
  m_PrefabAsset: {fileID: 0}
  m_Name: Piccolo
  m_AudioMixer: {fileID: 24100000}
  m_GroupID: f7058d8760e744149b44eb8683ae9848
  m_Children: []
  m_Volume: 00f5edc6e8ff247fba49682f142a526f
  m_Pitch: ce95e93ccf56f44938c110a3e17432a2
  m_Send: 00000000000000000000000000000000
  m_Effects:
  - {fileID: 24463116}
  m_UserColorIndex: 0
  m_Mute: 0
  m_Solo: 0
  m_BypassEffects: 0
--- !u!243 &24388388
AudioMixerGroupController:
  m_ObjectHideFlags: 0
  m_CorrespondingSourceObject: {fileID: 0}
  m_PrefabInstance: {fileID: 0}
  m_PrefabAsset: {fileID: 0}
  m_Name: Timps
  m_AudioMixer: {fileID: 24100000}
  m_GroupID: c85f5dcc424b848b89d05a9f3da7abd2
  m_Children: []
  m_Volume: 07f6f393769184530943f55dc5d9033d
  m_Pitch: cfbab8ebe6a904331b7a1a742bf58010
  m_Send: 00000000000000000000000000000000
  m_Effects:
  - {fileID: 24422720}
  m_UserColorIndex: 0
  m_Mute: 0
  m_Solo: 0
  m_BypassEffects: 0
--- !u!244 &24400002
AudioMixerEffectController:
  m_ObjectHideFlags: 3
  m_CorrespondingSourceObject: {fileID: 0}
  m_PrefabInstance: {fileID: 0}
  m_PrefabAsset: {fileID: 0}
  m_Name: 
  m_EffectID: 1e79a8e5ace3841b3b8973579633064b
  m_EffectName: Attenuation
  m_MixLevel: 8320e81cd09404f94b824e9b8ecaaf80
  m_Parameters: []
  m_SendTarget: {fileID: 0}
  m_EnableWetMix: 0
  m_Bypass: 0
--- !u!244 &24405788
AudioMixerEffectController:
  m_ObjectHideFlags: 3
  m_CorrespondingSourceObject: {fileID: 0}
  m_PrefabInstance: {fileID: 0}
  m_PrefabAsset: {fileID: 0}
  m_Name: 
  m_EffectID: 41979a1a7b9814e27a36e6c18170b62c
  m_EffectName: Attenuation
  m_MixLevel: eee2b2257f9b443e2b5dd93e5190dd95
  m_Parameters: []
  m_SendTarget: {fileID: 0}
  m_EnableWetMix: 0
  m_Bypass: 0
--- !u!244 &24417778
AudioMixerEffectController:
  m_ObjectHideFlags: 3
  m_CorrespondingSourceObject: {fileID: 0}
  m_PrefabInstance: {fileID: 0}
  m_PrefabAsset: {fileID: 0}
  m_Name: 
  m_EffectID: 463df7ba5aea84f348cc62f313ae2993
  m_EffectName: Attenuation
  m_MixLevel: b53241cb7fb1a4bd98ad5eaaa653a3bf
  m_Parameters: []
  m_SendTarget: {fileID: 0}
  m_EnableWetMix: 0
  m_Bypass: 0
--- !u!244 &24422720
AudioMixerEffectController:
  m_ObjectHideFlags: 3
  m_CorrespondingSourceObject: {fileID: 0}
  m_PrefabInstance: {fileID: 0}
  m_PrefabAsset: {fileID: 0}
  m_Name: 
  m_EffectID: b1fae6a8533e247ea9f6c993f1c5ab8e
  m_EffectName: Attenuation
  m_MixLevel: 6448c2c0a3f8b4b8e9dcc1861640b6b8
  m_Parameters: []
  m_SendTarget: {fileID: 0}
  m_EnableWetMix: 0
  m_Bypass: 0
--- !u!244 &24425936
AudioMixerEffectController:
  m_ObjectHideFlags: 3
  m_CorrespondingSourceObject: {fileID: 0}
  m_PrefabInstance: {fileID: 0}
  m_PrefabAsset: {fileID: 0}
  m_Name: 
  m_EffectID: d2a1bcab086194f96bcab646ea31cfd0
  m_EffectName: Attenuation
  m_MixLevel: 3bc2bd101d0c94a7e9c2163cfb1bb9b1
  m_Parameters: []
  m_SendTarget: {fileID: 0}
  m_EnableWetMix: 0
  m_Bypass: 0
--- !u!244 &24439716
AudioMixerEffectController:
  m_ObjectHideFlags: 3
  m_CorrespondingSourceObject: {fileID: 0}
  m_PrefabInstance: {fileID: 0}
  m_PrefabAsset: {fileID: 0}
  m_Name: 
  m_EffectID: 0a602efc1fc9045418a789057d287571
  m_EffectName: Attenuation
  m_MixLevel: 74ac264f26a4b4b9aaad139275802392
  m_Parameters: []
  m_SendTarget: {fileID: 0}
  m_EnableWetMix: 0
  m_Bypass: 0
--- !u!244 &24448342
AudioMixerEffectController:
  m_ObjectHideFlags: 3
  m_CorrespondingSourceObject: {fileID: 0}
  m_PrefabInstance: {fileID: 0}
  m_PrefabAsset: {fileID: 0}
  m_Name: 
  m_EffectID: 5b183b200b6da4bf7acd5840bd1e0160
  m_EffectName: Attenuation
  m_MixLevel: 4d0db41221e9047378a0d4589fc08301
  m_Parameters: []
  m_SendTarget: {fileID: 0}
  m_EnableWetMix: 0
  m_Bypass: 0
--- !u!244 &24458772
AudioMixerEffectController:
  m_ObjectHideFlags: 3
  m_CorrespondingSourceObject: {fileID: 0}
  m_PrefabInstance: {fileID: 0}
  m_PrefabAsset: {fileID: 0}
  m_Name: 
  m_EffectID: 523a7e358376f4604961db32616e8bb1
  m_EffectName: Attenuation
  m_MixLevel: 4c41d3c4f31274cbaa22ed0f56730b7a
  m_Parameters: []
  m_SendTarget: {fileID: 0}
  m_EnableWetMix: 0
  m_Bypass: 0
--- !u!244 &24463116
AudioMixerEffectController:
  m_ObjectHideFlags: 3
  m_CorrespondingSourceObject: {fileID: 0}
  m_PrefabInstance: {fileID: 0}
  m_PrefabAsset: {fileID: 0}
  m_Name: 
  m_EffectID: ca6e5490ce67f454aab960afcfd315ae
  m_EffectName: Attenuation
  m_MixLevel: 42bd5496494354be0b45246be6e042ac
  m_Parameters: []
  m_SendTarget: {fileID: 0}
  m_EnableWetMix: 0
  m_Bypass: 0
--- !u!244 &24466944
AudioMixerEffectController:
  m_ObjectHideFlags: 3
  m_CorrespondingSourceObject: {fileID: 0}
  m_PrefabInstance: {fileID: 0}
  m_PrefabAsset: {fileID: 0}
  m_Name: 
  m_EffectID: 43b9da0b792104723a6df9384e43cf07
  m_EffectName: Attenuation
  m_MixLevel: cdaf370b0ece24b19b24139a7a53a3f7
  m_Parameters: []
  m_SendTarget: {fileID: 0}
  m_EnableWetMix: 0
  m_Bypass: 0
--- !u!244 &24472794
AudioMixerEffectController:
  m_ObjectHideFlags: 3
  m_CorrespondingSourceObject: {fileID: 0}
  m_PrefabInstance: {fileID: 0}
  m_PrefabAsset: {fileID: 0}
  m_Name: 
  m_EffectID: e0d216e47e7ff4b3e8ed524b2ceb4dbe
  m_EffectName: Attenuation
  m_MixLevel: 49051981fe0d448e4a336c1269fcef5b
  m_Parameters: []
  m_SendTarget: {fileID: 0}
  m_EnableWetMix: 0
  m_Bypass: 0
--- !u!244 &24477678
AudioMixerEffectController:
  m_ObjectHideFlags: 3
  m_CorrespondingSourceObject: {fileID: 0}
  m_PrefabInstance: {fileID: 0}
  m_PrefabAsset: {fileID: 0}
  m_Name: 
  m_EffectID: a3d3b1d0418ed4a6d892cfe7daf4ab82
  m_EffectName: Attenuation
  m_MixLevel: f5c8882831fbb471b9172998c834651e
  m_Parameters: []
  m_SendTarget: {fileID: 0}
  m_EnableWetMix: 0
  m_Bypass: 0
--- !u!244 &24478648
AudioMixerEffectController:
  m_ObjectHideFlags: 3
  m_CorrespondingSourceObject: {fileID: 0}
  m_PrefabInstance: {fileID: 0}
  m_PrefabAsset: {fileID: 0}
  m_Name: 
  m_EffectID: c5e520079de03456692dbdff2a0e17f1
  m_EffectName: Attenuation
  m_MixLevel: b2cee5673019c448593acc11710ae83d
  m_Parameters: []
  m_SendTarget: {fileID: 0}
  m_EnableWetMix: 0
  m_Bypass: 0
--- !u!244 &24480516
AudioMixerEffectController:
  m_ObjectHideFlags: 3
  m_CorrespondingSourceObject: {fileID: 0}
  m_PrefabInstance: {fileID: 0}
  m_PrefabAsset: {fileID: 0}
  m_Name: 
  m_EffectID: 8d7c79a2192174603b493d5e6d7d1570
  m_EffectName: Attenuation
  m_MixLevel: 8ec18496f945e4f1d861684c0b6ad095
  m_Parameters: []
  m_SendTarget: {fileID: 0}
  m_EnableWetMix: 0
  m_Bypass: 0
--- !u!244 &24482050
AudioMixerEffectController:
  m_ObjectHideFlags: 3
  m_CorrespondingSourceObject: {fileID: 0}
  m_PrefabInstance: {fileID: 0}
  m_PrefabAsset: {fileID: 0}
  m_Name: 
  m_EffectID: d7ca61851e5934ddc8cb698e8d341e99
  m_EffectName: Attenuation
  m_MixLevel: d85ec1966a93d4bd7b1aaf22c33a6da9
  m_Parameters: []
  m_SendTarget: {fileID: 0}
  m_EnableWetMix: 0
  m_Bypass: 0
--- !u!244 &24484360
AudioMixerEffectController:
  m_ObjectHideFlags: 3
  m_CorrespondingSourceObject: {fileID: 0}
  m_PrefabInstance: {fileID: 0}
  m_PrefabAsset: {fileID: 0}
  m_Name: 
  m_EffectID: 887931e72941a446395fb78607f8b6b7
  m_EffectName: Attenuation
  m_MixLevel: 3456bf7c316044c2ca93ba0a932bb22a
  m_Parameters: []
  m_SendTarget: {fileID: 0}
  m_EnableWetMix: 0
  m_Bypass: 0
--- !u!244 &24487378
AudioMixerEffectController:
  m_ObjectHideFlags: 3
  m_CorrespondingSourceObject: {fileID: 0}
  m_PrefabInstance: {fileID: 0}
  m_PrefabAsset: {fileID: 0}
  m_Name: 
  m_EffectID: f441d3e70fa57477686537458688dfb9
  m_EffectName: Attenuation
  m_MixLevel: 3fb057327aff6499cb2618176a519723
  m_Parameters: []
  m_SendTarget: {fileID: 0}
  m_EnableWetMix: 0
  m_Bypass: 0
--- !u!244 &24496386
AudioMixerEffectController:
  m_ObjectHideFlags: 3
  m_CorrespondingSourceObject: {fileID: 0}
  m_PrefabInstance: {fileID: 0}
  m_PrefabAsset: {fileID: 0}
  m_Name: 
  m_EffectID: cc46a2c42536047d8bc1981dce26f5c3
  m_EffectName: Attenuation
  m_MixLevel: 352f0ae569319453eb9a4a81d23ec0ba
  m_Parameters: []
  m_SendTarget: {fileID: 0}
  m_EnableWetMix: 0
  m_Bypass: 0
--- !u!244 &24497932
AudioMixerEffectController:
  m_ObjectHideFlags: 3
  m_CorrespondingSourceObject: {fileID: 0}
  m_PrefabInstance: {fileID: 0}
  m_PrefabAsset: {fileID: 0}
  m_Name: 
  m_EffectID: 2c5342751bbaf4b1ab5ed6a571874222
  m_EffectName: Attenuation
  m_MixLevel: 981e6cceda19d46069b7cd164c08b807
  m_Parameters: []
  m_SendTarget: {fileID: 0}
  m_EnableWetMix: 0
  m_Bypass: 0
--- !u!245 &24500003
AudioMixerSnapshotController:
  m_ObjectHideFlags: 0
  m_CorrespondingSourceObject: {fileID: 0}
  m_PrefabInstance: {fileID: 0}
  m_PrefabAsset: {fileID: 0}
  m_Name: Default
  m_AudioMixer: {fileID: 24100000}
  m_SnapshotID: de0d546606adf4bacbcba0fb7d24573c
  m_FloatValues:
    40dfc1bf097a849829c2247a04a81241: -80
  m_TransitionOverrides: {}
--- !u!245 &24503296
AudioMixerSnapshotController:
  m_ObjectHideFlags: 0
  m_CorrespondingSourceObject: {fileID: 0}
  m_PrefabInstance: {fileID: 0}
  m_PrefabAsset: {fileID: 0}
  m_Name: Alt 6
  m_AudioMixer: {fileID: 24100000}
  m_SnapshotID: d052908cda9cd42cca342208a455222d
  m_FloatValues:
    58bd4110653e9444793caab4ebd88bb0: -80
    1824f22034fc5409b8ce4adfe5a2165b: -80
    358b2f500a9d547d0a740edd50b4de51: -0.002441872
    3b294471cb5454829ae05bcb3b4be0a4: -80
    ecfbe032608a04be0a7a5140b0d0d4ec: -0.30163807
    e32eae42cdb014224a5f4aff7c9e3874: -12.082023
    07f6f393769184530943f55dc5d9033d: -11.535824
    95ceecf5bca654781ae526ab4c83833b: -80
    e5c45056b7872406885e00047db8c873: -9.960263
    00f5edc6e8ff247fba49682f142a526f: -8.0101185
    aec1f6c82d8b34bd48fae3d8e6bf37bf: -80
    cea7ea29eef2c45f98a84d1159d3d19c: -80
    dc4415692c8644eb8850a678a7dbea22: -80
    87f3682a9937640aa9b3041c193d355a: -80
    26d0d3fa1dcc44ebb9e5a923d1493081: -0.037667945
    69120eab6fe6e48b991f12879559da0f: -80
    dca3143c4b9164827a8751b291790460: -8.481216
    1a88d38e525914cd98f7bd144131208b: -6.238344
    40dfc1bf097a849829c2247a04a81241: 0.025578514
  m_TransitionOverrides: {}
--- !u!245 &24506934
AudioMixerSnapshotController:
  m_ObjectHideFlags: 0
  m_CorrespondingSourceObject: {fileID: 0}
  m_PrefabInstance: {fileID: 0}
  m_PrefabAsset: {fileID: 0}
  m_Name: Alt 9
  m_AudioMixer: {fileID: 24100000}
  m_SnapshotID: c2a85e04bb1f5464fa4d316ff021d1d8
  m_FloatValues:
    58bd4110653e9444793caab4ebd88bb0: -80
    1824f22034fc5409b8ce4adfe5a2165b: -0.002441872
    358b2f500a9d547d0a740edd50b4de51: -0.037667945
    3b294471cb5454829ae05bcb3b4be0a4: -8.481216
    ecfbe032608a04be0a7a5140b0d0d4ec: -80
    e32eae42cdb014224a5f4aff7c9e3874: 0.025578514
    07f6f393769184530943f55dc5d9033d: -0.037667945
    95ceecf5bca654781ae526ab4c83833b: -80
    e5c45056b7872406885e00047db8c873: 0.025578512
    00f5edc6e8ff247fba49682f142a526f: -0.037667945
    aec1f6c82d8b34bd48fae3d8e6bf37bf: 0.025578514
    cea7ea29eef2c45f98a84d1159d3d19c: -0.102314055
    dc4415692c8644eb8850a678a7dbea22: -0.102314346
    87f3682a9937640aa9b3041c193d355a: -80
    26d0d3fa1dcc44ebb9e5a923d1493081: -0.03766793
    69120eab6fe6e48b991f12879559da0f: -0.037667945
    dca3143c4b9164827a8751b291790460: -8.481216
    1a88d38e525914cd98f7bd144131208b: -0.10231405
    40dfc1bf097a849829c2247a04a81241: -0.037667945
  m_TransitionOverrides: {}
--- !u!245 &24519968
AudioMixerSnapshotController:
  m_ObjectHideFlags: 0
  m_CorrespondingSourceObject: {fileID: 0}
  m_PrefabInstance: {fileID: 0}
  m_PrefabAsset: {fileID: 0}
  m_Name: Alt 10
  m_AudioMixer: {fileID: 24100000}
  m_SnapshotID: 270e72b7352c547b6bef31e13d59ebbb
  m_FloatValues:
    58bd4110653e9444793caab4ebd88bb0: -10.4748535
    1824f22034fc5409b8ce4adfe5a2165b: -80
    358b2f500a9d547d0a740edd50b4de51: -0.10231405
    3b294471cb5454829ae05bcb3b4be0a4: -20.09816
    ecfbe032608a04be0a7a5140b0d0d4ec: -80
    e32eae42cdb014224a5f4aff7c9e3874: -80
    07f6f393769184530943f55dc5d9033d: -80
    95ceecf5bca654781ae526ab4c83833b: -80
    e5c45056b7872406885e00047db8c873: -10.4748535
    00f5edc6e8ff247fba49682f142a526f: -15.574045
    aec1f6c82d8b34bd48fae3d8e6bf37bf: -80
    cea7ea29eef2c45f98a84d1159d3d19c: -5.824182
    dc4415692c8644eb8850a678a7dbea22: -14.96685
    87f3682a9937640aa9b3041c193d355a: -80
    26d0d3fa1dcc44ebb9e5a923d1493081: -0.037667945
    69120eab6fe6e48b991f12879559da0f: -80
    dca3143c4b9164827a8751b291790460: -8.481216
    1a88d38e525914cd98f7bd144131208b: -8.481216
    40dfc1bf097a849829c2247a04a81241: -0.037667945
  m_TransitionOverrides: {}
--- !u!245 &24520494
AudioMixerSnapshotController:
  m_ObjectHideFlags: 0
  m_CorrespondingSourceObject: {fileID: 0}
  m_PrefabInstance: {fileID: 0}
  m_PrefabAsset: {fileID: 0}
  m_Name: Alt 3
  m_AudioMixer: {fileID: 24100000}
  m_SnapshotID: fb446ab8efd184a52b0d87dc5d85e41c
  m_FloatValues:
    58bd4110653e9444793caab4ebd88bb0: -0.30163807
    1824f22034fc5409b8ce4adfe5a2165b: -0.037667945
    358b2f500a9d547d0a740edd50b4de51: -80
    3b294471cb5454829ae05bcb3b4be0a4: -80
    ecfbe032608a04be0a7a5140b0d0d4ec: -0.037667945
    e32eae42cdb014224a5f4aff7c9e3874: -80
    07f6f393769184530943f55dc5d9033d: -80
    95ceecf5bca654781ae526ab4c83833b: -80
    e5c45056b7872406885e00047db8c873: -80
    00f5edc6e8ff247fba49682f142a526f: -80
    aec1f6c82d8b34bd48fae3d8e6bf37bf: -3.5922942
    cea7ea29eef2c45f98a84d1159d3d19c: -80
    dc4415692c8644eb8850a678a7dbea22: -80
    87f3682a9937640aa9b3041c193d355a: -80
    26d0d3fa1dcc44ebb9e5a923d1493081: 0.10800299
    69120eab6fe6e48b991f12879559da0f: -80
    dca3143c4b9164827a8751b291790460: -80
    1a88d38e525914cd98f7bd144131208b: -80
    40dfc1bf097a849829c2247a04a81241: -0.0024418756
  m_TransitionOverrides: {}
--- !u!245 &24528264
AudioMixerSnapshotController:
  m_ObjectHideFlags: 0
  m_CorrespondingSourceObject: {fileID: 0}
  m_PrefabInstance: {fileID: 0}
  m_PrefabAsset: {fileID: 0}
  m_Name: Alt 5
  m_AudioMixer: {fileID: 24100000}
  m_SnapshotID: 0e9590a6de80d413e9fd80ff788a9a6e
  m_FloatValues:
    58bd4110653e9444793caab4ebd88bb0: -7.5501633
    1824f22034fc5409b8ce4adfe5a2165b: -80
    358b2f500a9d547d0a740edd50b4de51: -80
    3b294471cb5454829ae05bcb3b4be0a4: -80
    ecfbe032608a04be0a7a5140b0d0d4ec: -80
    e32eae42cdb014224a5f4aff7c9e3874: -80
    07f6f393769184530943f55dc5d9033d: -80
    95ceecf5bca654781ae526ab4c83833b: -80
    e5c45056b7872406885e00047db8c873: -72.92903
    00f5edc6e8ff247fba49682f142a526f: -80
    aec1f6c82d8b34bd48fae3d8e6bf37bf: -80
    cea7ea29eef2c45f98a84d1159d3d19c: -80
    dc4415692c8644eb8850a678a7dbea22: -80
    87f3682a9937640aa9b3041c193d355a: -80
    26d0d3fa1dcc44ebb9e5a923d1493081: -0.037667945
    69120eab6fe6e48b991f12879559da0f: -80
    dca3143c4b9164827a8751b291790460: -8.481216
    1a88d38e525914cd98f7bd144131208b: -80
    40dfc1bf097a849829c2247a04a81241: -0.037667945
  m_TransitionOverrides: {}
--- !u!245 &24546174
AudioMixerSnapshotController:
  m_ObjectHideFlags: 0
  m_CorrespondingSourceObject: {fileID: 0}
  m_PrefabInstance: {fileID: 0}
  m_PrefabAsset: {fileID: 0}
  m_Name: Alt 2
  m_AudioMixer: {fileID: 24100000}
  m_SnapshotID: d2508e525d68f478db36fbb326b0ac85
  m_FloatValues:
    58bd4110653e9444793caab4ebd88bb0: -3.5922942
    3b294471cb5454829ae05bcb3b4be0a4: -13.63726
    ecfbe032608a04be0a7a5140b0d0d4ec: -78.80283
    e32eae42cdb014224a5f4aff7c9e3874: -80
    07f6f393769184530943f55dc5d9033d: -80
    e5c45056b7872406885e00047db8c873: -0.025776558
    00f5edc6e8ff247fba49682f142a526f: -0.08374829
    aec1f6c82d8b34bd48fae3d8e6bf37bf: -0.27209902
    cea7ea29eef2c45f98a84d1159d3d19c: -5.3230734
    dc4415692c8644eb8850a678a7dbea22: -0.025776558
    87f3682a9937640aa9b3041c193d355a: -80
    26d0d3fa1dcc44ebb9e5a923d1493081: -0.08374829
    69120eab6fe6e48b991f12879559da0f: -8.362404
    dca3143c4b9164827a8751b291790460: -4.9356413
    1a88d38e525914cd98f7bd144131208b: -0.0024418682
    40dfc1bf097a849829c2247a04a81241: -80
  m_TransitionOverrides: {}
--- !u!245 &24554070
AudioMixerSnapshotController:
  m_ObjectHideFlags: 0
  m_CorrespondingSourceObject: {fileID: 0}
  m_PrefabInstance: {fileID: 0}
  m_PrefabAsset: {fileID: 0}
  m_Name: Alt 8
  m_AudioMixer: {fileID: 24100000}
  m_SnapshotID: 8e0664ba73e334fd9815028e00017250
  m_FloatValues:
    58bd4110653e9444793caab4ebd88bb0: -80
    1824f22034fc5409b8ce4adfe5a2165b: -0.002441872
    358b2f500a9d547d0a740edd50b4de51: -80
    3b294471cb5454829ae05bcb3b4be0a4: -3.5922942
    ecfbe032608a04be0a7a5140b0d0d4ec: -80
    e32eae42cdb014224a5f4aff7c9e3874: 0.025578514
    07f6f393769184530943f55dc5d9033d: -0.037667945
    95ceecf5bca654781ae526ab4c83833b: -80
    e5c45056b7872406885e00047db8c873: 0.025578512
    00f5edc6e8ff247fba49682f142a526f: -0.037667945
    aec1f6c82d8b34bd48fae3d8e6bf37bf: 0.025578514
    cea7ea29eef2c45f98a84d1159d3d19c: -80
    dc4415692c8644eb8850a678a7dbea22: -0.102314346
    87f3682a9937640aa9b3041c193d355a: -0.10231405
    26d0d3fa1dcc44ebb9e5a923d1493081: -80
    69120eab6fe6e48b991f12879559da0f: -80
    dca3143c4b9164827a8751b291790460: -8.481216
    1a88d38e525914cd98f7bd144131208b: -80
    40dfc1bf097a849829c2247a04a81241: -80
  m_TransitionOverrides: {}
--- !u!245 &24561846
AudioMixerSnapshotController:
  m_ObjectHideFlags: 0
  m_CorrespondingSourceObject: {fileID: 0}
  m_PrefabInstance: {fileID: 0}
  m_PrefabAsset: {fileID: 0}
  m_Name: Alt 1
  m_AudioMixer: {fileID: 24100000}
  m_SnapshotID: 0b1fbfd421b0c40118429e6c244168ca
  m_FloatValues:
    58bd4110653e9444793caab4ebd88bb0: -8.0101185
    3b294471cb5454829ae05bcb3b4be0a4: -12.498483
    ecfbe032608a04be0a7a5140b0d0d4ec: -4.9356413
    e32eae42cdb014224a5f4aff7c9e3874: -10.345207
    07f6f393769184530943f55dc5d9033d: -12.082023
    e5c45056b7872406885e00047db8c873: -0.025776558
    00f5edc6e8ff247fba49682f142a526f: -0.08374829
    dc4415692c8644eb8850a678a7dbea22: -0.025776558
    1a88d38e525914cd98f7bd144131208b: -0.02577656
    40dfc1bf097a849829c2247a04a81241: -80
  m_TransitionOverrides: {}
--- !u!245 &24578790
AudioMixerSnapshotController:
  m_ObjectHideFlags: 0
  m_CorrespondingSourceObject: {fileID: 0}
  m_PrefabInstance: {fileID: 0}
  m_PrefabAsset: {fileID: 0}
  m_Name: Alt 7
  m_AudioMixer: {fileID: 24100000}
  m_SnapshotID: fbbf01de66ebc47e6a78deb892c1da8c
  m_FloatValues:
    58bd4110653e9444793caab4ebd88bb0: 0.025578512
    1824f22034fc5409b8ce4adfe5a2165b: -0.002441872
    358b2f500a9d547d0a740edd50b4de51: -80
    3b294471cb5454829ae05bcb3b4be0a4: -80
    ecfbe032608a04be0a7a5140b0d0d4ec: -80
    e32eae42cdb014224a5f4aff7c9e3874: 0.025578514
    07f6f393769184530943f55dc5d9033d: -0.037667945
    95ceecf5bca654781ae526ab4c83833b: -17.454803
    e5c45056b7872406885e00047db8c873: -80
    00f5edc6e8ff247fba49682f142a526f: -80
    aec1f6c82d8b34bd48fae3d8e6bf37bf: 0.025578514
    cea7ea29eef2c45f98a84d1159d3d19c: -0.19117308
    dc4415692c8644eb8850a678a7dbea22: -3.9333012
    87f3682a9937640aa9b3041c193d355a: -0.10231405
    26d0d3fa1dcc44ebb9e5a923d1493081: -80
    69120eab6fe6e48b991f12879559da0f: -80
    dca3143c4b9164827a8751b291790460: -8.481216
    1a88d38e525914cd98f7bd144131208b: -80
    40dfc1bf097a849829c2247a04a81241: -7.5501633
  m_TransitionOverrides: {}
--- !u!245 &24599208
AudioMixerSnapshotController:
  m_ObjectHideFlags: 0
  m_CorrespondingSourceObject: {fileID: 0}
  m_PrefabInstance: {fileID: 0}
  m_PrefabAsset: {fileID: 0}
  m_Name: Alt 4
  m_AudioMixer: {fileID: 24100000}
  m_SnapshotID: aec6d375687954c50a94b133c7192b3e
  m_FloatValues:
    58bd4110653e9444793caab4ebd88bb0: -0.30163807
    1824f22034fc5409b8ce4adfe5a2165b: -80
    358b2f500a9d547d0a740edd50b4de51: -9.960263
    3b294471cb5454829ae05bcb3b4be0a4: -13.782469
    ecfbe032608a04be0a7a5140b0d0d4ec: -0.037667945
    e32eae42cdb014224a5f4aff7c9e3874: -80
    07f6f393769184530943f55dc5d9033d: -80
    95ceecf5bca654781ae526ab4c83833b: -80
    e5c45056b7872406885e00047db8c873: -80
    00f5edc6e8ff247fba49682f142a526f: -2.647181
    aec1f6c82d8b34bd48fae3d8e6bf37bf: -80
    cea7ea29eef2c45f98a84d1159d3d19c: -8.481216
    dc4415692c8644eb8850a678a7dbea22: -80
    87f3682a9937640aa9b3041c193d355a: -80
    26d0d3fa1dcc44ebb9e5a923d1493081: 0.10800299
    69120eab6fe6e48b991f12879559da0f: -80
    dca3143c4b9164827a8751b291790460: -8.481216
    1a88d38e525914cd98f7bd144131208b: -80
    40dfc1bf097a849829c2247a04a81241: -0.0024418756
  m_TransitionOverrides: {}
